2817 4575
181 339 184 346 ·
302 301 697 405 IN'JOAN'NEM
732 297 1032 379 ToMusv:
1121 325 1193 408 239

125 476 294 554 monitor
307 468 394 548 esses
415 469 450 544 ἀ
470 469 603 544 laboris
620 463 792 556 crassos,
824 465 983 560 postulas
1001 466 1131 563 etiam,'
1152 486 1222 548 ut1¹
1246 539 1248 546 .
1273 483 1277 494 ·

126 597 199 672 pro
219 594 302 648 meo
319 575 357 648 in
378 586 415 660 te
428 567 573 663 officio,
587 571 699 644 multa
716 568 918 642 elaborem:
944 590 1013 666 ego
1031 571 1196 652 laborem

128 674 321 772 fugiens&
338 693 385 746 eo
405 671 567 765 periculo
586 664 847 768 circumsessus,
875 670 973 760 quod
991 693 1010 742 a
1029 670 1115 744 Deo
1130 675 1196 748 im·
1281 759 1283 765 Ι

129 773 270 871 pendet
289 773 353 865 iis,
382 775 440 863 qui
459 767 745 864 adscribendum
762 769 799 840 in
822 769 959 841 divinas
980 771 1100 845 literas
1112 765 1196 862 „sese

130 865 397 964 contuserunt,
423 865 614 963 Scriptura
638 868 845 962 patrocinio
871 870 963 942 tueri
989 891 1046 945 me
1071 873 1196 964 possirn

129 977 267 1050 multos
291 974 404 1045 libros
425 970 578 1044 scribere
597 965 773 1042 recusans.
820 967 884 1040 Sic·
897 970 992 1043 enim
1014 971 1050 1043 in
1069 971 1197 1048 Eccie·

129 1074 231 1151 siaste
256 1074 455 1146 solomon:
490 1071 557 1142 Fili
575 1075 641 1161 mi,
666 1093 743 1140 tuve
764 1085 802 1139 ut
819 1071 935 1141 metros
951 1072 1046 1141 libros
1063 1077 1199 1165 conscri-

132 1182 210 1249 bar:
236 1197 303 1244 non
323 1174 362 1270 est
378 1174 481 1263 finis,
507 1170 548 1247 (ὅ
568 1170 671 1241 multa
688 1170 857 1244 ,meditatio
878 1177 987 1241 carnis
1011 1172 1198 1270 defatigatio

132 1277 186 1374 ιβ.
238 1273 322 1346 Nos
345 1274 458 1359 eninr,
484 1271 545 1345 nisr
568 1268 701 1344 sensum
721 1269 937 1364 abstrusum,
964 1270 1122 1345 &nobis
1140 1276 1199 1347 ad·

131 1378 207 1450 huc
225 1373 415 1447 obscurum
430 1370 614 1465 proposita
630 1372 690 1443 ilia
705 1367 914 1443 Solomonis
934 1373 1040 1445 habet
1058 1372 1200 1450 senten·

136 1477 210 1566 tia,
236 1486 456 1566 preceptum
475 1474 510 1543 id
528 1473 673 1564 penitus
692 1470 945 1567 perfregimus‚
971 1474 1031 1565 qui
1048 1494 1126 1548 non
1143 1495 1201 1549 ca·
1300 1507 1304 1514 ·

133 1578 254 1649 vimus
271 1593 317 1646 ne
332 1574 466 1647 multos
483 1573 597 1644 libros
615 1566 891 1646 conficeremus.

132 1736 284 1822 Deinde,
306 1733 462 1831 postquam
483 1733 569 1803 dixit
593 1729 614 1827 (
626 1732 803 1829 Origenes)
819 1733 852 1823 se
872 1736 1040 1806 volumina
1061 1753 1200 1834 quatuor

242 1841 282 1916 in
296 1856 398 1933 pauca
418 1835 591 1926 Evangelii
609 1833 708 1904 verba
726 1832 901 1926 absolvisse,
926 1839 1084 1932 adjungit.
1177 1859 1180 1866 ·

120 1973 127 2040 ἰ
212 1998 247 2054 a.
273 1976 458 2074 Quantum
472 1975 566 2050 enim
584 1993 630 2048 ex
644 1971 716 2066 ipsa
731 1972 889 2062 dictione
903 1977 1084 2067 conjicere
1099 1971 1202 2075 licet,''
1260 2020 1266 2028 -

134 2078 212 2153 duo
232 2071 484 2174 significantur
499 2076 553 2149 his
581 2074 720 2148 verbis:
750 2075 817 2146 Fili
832 2081 897 2168 mi,
924 2101 1000 2146 cave
1023 2095 1059 2148 ur
1085 2081 1202 2152 mustus

136 2180 236 2252 libros
255 2179 417 2268 conficias.-
442 2176 594 2271 primunr
614 2174 787 2267 quidem,
819 2195 896 2248 uon
918 2175 988 2251 esse
1013 2178 1203 2253 habendos
1288 2215 1290 2220 ·

135 2281 275 2358 multos
290 2277 423 2369 libros,
452 2277 622 2370 alterum,
643 2272 809 2359 nonesse
826 2277 960 2351 multos
979 2275 1208 2372 componeni·
1263 2298 1272 2317 ⁸

138 2384 230 2454 dos:
263 2378 298 2451 δι
324 2377 387 2451 nisi
412 2379 587 2472 primum,
612 2378 716 2472 plane
740 2375 953 2468 secundum3
980 2378 1004 2452 sr
1032 2399 1126 2452 vero
1151 2381 1205 2455 se·
1253 2422 1256 2428 ·

138 2480 418 2565 condumum
445 2477 597 2571 primum
627 2477 812 2550 omninor.
833 2493 1069 2571 preterquam
1101 2481 1203 2571 quod
1237 2532 1240 2559 r
1314 2552 1315 2557 a

136 2584 306 2670 utrinque
328 2578 452 2650 doceri
473 2579 637 2651 videmur
664 2597 740 2650 non
764 2575 835 2649 eise
862 2582 1067 2671 complures
1089 2580 1207 2657 libros
1305 2586 1307 2591 '

139 2677 404 2755 conficiendos.
452 2674 620 2751 Poteram
639 2693 757 2749 autem
775 2676 819 2748 ad
834 2677 999 2771 id„qu0d
1019 2683 1126 2755 nobis
1141 2678 1204 2755 sub
1299 2688 1309 2751 i

140 2781 255 2857 aciem
271 2776 443 2853 sermonis
461 2776 586 2854 venit,
610 2774 869 2866 adhaerescens,
897 2777 940 2849 ad
957 2791 993 2850 te
1011 2778 1205 2873 Scriptura

118 2875 120 2878 ’
141 2878 273 2955 dissum
297 2877 535 2953 excusationis
566 2878 653 2950 loco
678 2876 844 2968 mittere,
872 2875 1140 2953 &confirmata
1165 2874 1210 2955 r&
1294 2972 1296 2976 Ι

141 3002 188 3056 ex
211 3001 285 3072 eo5
307 2979 407 3071 quod
430 2996 549 3067 neque
569 2975 673 3050 fausti
691 2979 888 3051 multorum
906 2979 1079 3063 librorum
1107 2990 1212 3054 corn²¹

140 3080 317 3179 positioni
342 3078 568 3171 studuerint,
606 3077 765 3152 desrnere
795 3078 964 3172 deinceps
993 3078 1212 3176 subiungere
1261 3149 1264 3155 .

141 3181 424 3257 commentarios
450 3179 554 3270 juxta
583 3177 698 3269 foedus
727 3178 823 3253 inter
839 3199 915 3269 nos
937 3181 1070 3257 initum
1088 3186 1141 3259 ad
1171 3195 1212 3283 te

141 3280 464 3367 transmittendos3
500 3278 601 3350 &tu
627 3276 772 3352 sortasse
800 3280 864 3351 illo
892 3278 991 3352 dicte
1014 3279 1210 3374 Scriptura
1285 3366 1287 3371 Ι

142 3392 352 3458 commotus
369 3381 404 3452 id
420 3378 505 3453 mihi
523 3379 560 3450 in
577 3374 760 3471 posterum
779 3377 1020 3455 concessisses:
1045 3379 1103 3454 sed
1120 3386 1212 3471 quo·'

142 3486 240 3559 niam
255 3478 445 3572 Scripturas
459 3496 540 3551 curn
554 3475 651 3550 resia
666 3493 794 3551 mente
813 3479 847 3553 ἂ
863 3477 1081 3553 conscientia
1102 3480 1215 3556 circu²

142 3582 276 3658 tiendo
293 3576 394 3673 sunt,
419 3598 490 3651 nec
506 3593 642 3651 temere
654 3578 880 3675 gaudendum
901 3580 994 3670 quau
1023 3601 1082 3652 eas
1107 3576 1215 3654 intes«

144 3684 234 3781 ligea
248 3701 296 3755 ex
311 3698 382 3775 eo,
408 3679 507 3770 quod
525 3678 658 3753 nudam
674 3677 865 3761 diffinirem
884 3685 1108 3775 perceperis,
1133 3702 1215 3769 reru

91 3842 95 3849 .
144 3802 222 3858 non
241 3781 413 3875 prolatu,
439 3798 526 3863 nec,
553 3799 631 3869 quaa
649 3778 734 3851 mihi
755 3778 901 3851 videtur
923 3776 1217 3875 suffragante.

144 3881 345 3957 sensionem
362 3873 488 3971 affero,
515 3898 584 3968 qua
600 3879 651 3955 uti
669 3892 798 3951 contra
817 3898 875 3951 me
894 3876 1014 3972 possis,
1039 3882 1212 3976 sipraeter

144 3980 289 4079 panum
306 3976 436 4069 aliquid
455 3976 592 4055 fecero.
631 3976 688 4051 Ac
707 3980 858 4073 primum
877 3978 1041 4076 quidem,
1066 3982 1215 4152 ᾳὰιιέἓΐα

308 4128 314 4134 .
395 4131 397 4136 ,
487 4094 491 4107 ·
725 4104 727 4108 -
1100 4102 1120 4148 s
1301 4136 1312 4153 ,
