<?xml version="1.0" encoding="UTF-8"?>
<!DOCTYPE html PUBLIC "-//W3C//DTD XHTML 1.0 Transitional//EN"
    "http://www.w3.org/TR/xhtml1/DTD/xhtml1-transitional.dtd">
<html xmlns="http://www.w3.org/1999/xhtml" xml:lang="en" lang="en">
 <head>
  <title>
</title>
<meta http-equiv="Content-Type" content="text/html;charset=utf-8" />
  <meta name='ocr-system' content='tesseract 3.04.00' />
  <meta name='ocr-capabilities' content='ocr_page ocr_carea ocr_par ocr_line ocrx_word'/>
</head>
<body>
  <div class='ocr_page' id='page_1' title='image "./operaomniasanct07unkngoog_0312.png"; bbox 0 0 2817 4575; ppageno 0'>
   <div class='ocr_carea' id='block_1_1' title="bbox 240 291 1309 471">
    <p class='ocr_par' dir='ltr' id='par_1_1' title="bbox 86 291 1309 471">
     <span class='ocr_line' id='line_1_1' title="bbox 240 291 1309 471; baseline -0.007 -28.007"><span class='ocrx_word' id='word_1_1' title='bbox 240 363 353 468; x_wconf 44' lang='lat' dir='ltr'>,an</span> <span class='ocrx_word' id='word_1_2' title='bbox 389 323 946 463; x_wconf 67' lang='lat' dir='ltr'>romenenrdnus·</span> <span class='ocrx_word' id='word_1_3' title='bbox 972 357 1045 471; x_wconf 85' lang='grc' dir='ltr'>ιν.</span> <span class='ocrx_word' id='word_1_4' title='bbox 1113 381 1193 459; x_wconf 74' lang='lat'>235·</span> <span class='ocrx_word' id='word_1_5' title='bbox 1282 291 1309 313; x_wconf 48' lang='lat'>⁷</span> 
     </span>
    </p>
   </div>
   <div class='ocr_carea' id='block_1_2' title="bbox 176 497 1310 723">
    <p class='ocr_par' dir='ltr' id='par_1_2' title="bbox 176 497 1310 723">
     <span class='ocr_line' id='line_1_2' title="bbox 176 497 1226 625; baseline -0.001 -18"><span class='ocrx_word' id='word_1_6' title='bbox 176 532 237 608; x_wconf 79' lang='lat' dir='ltr'>Ex</span> <span class='ocrx_word' id='word_1_7' title='bbox 249 532 356 606; x_wconf 85' lang='lat' dir='ltr'>eadam</span> <span class='ocrx_word' id='word_1_8' title='bbox 380 525 544 602; x_wconf 74' lang='lat' dir='ltr'>Timoli.</span> <span class='ocrx_word' id='word_1_9' title='bbox 563 519 648 621; x_wconf 74' lang='lat' dir='ltr'>epra&#39;d</span> <span class='ocrx_word' id='word_1_10' title='bbox 667 524 874 621; x_wconf 79' lang='lat' dir='ltr'>Pamphilum</span> <span class='ocrx_word' id='word_1_11' title='bbox 892 526 1081 625; x_wconf 77' lang='lat' dir='ltr'>Martyrem</span> <span class='ocrx_word' id='word_1_12' title='bbox 1098 538 1137 607; x_wconf 84' lang='lat' dir='ltr'>in</span> <span class='ocrx_word' id='word_1_13' title='bbox 1224 497 1226 501; x_wconf 22' lang='grc' dir='ltr'>Ι</span> 
     </span>
     <span class='ocr_line' id='line_1_3' title="bbox 348 626 1310 723; baseline -0.022 -17"><span class='ocrx_word' id='word_1_14' title='bbox 348 647 367 693; x_wconf 85' lang='grc'>“-</span> <span class='ocrx_word' id='word_1_15' title='bbox 440 626 610 723; x_wconf 80' lang='lat' dir='ltr'>&#39;Apologia</span> <span class='ocrx_word' id='word_1_16' title='bbox 622 642 682 721; x_wconf 85' lang='lat' dir='ltr'>pro</span> <span class='ocrx_word' id='word_1_17' title='bbox 707 626 860 717; x_wconf 82' lang='lat' dir='ltr'><strong><em>Origene.</em></strong></span> <span class='ocrx_word' id='word_1_18' title='bbox 1079 667 1081 671; x_wconf 94' lang='lat'>-</span> <span class='ocrx_word' id='word_1_19' title='bbox 1306 657 1310 666; x_wconf 87' lang='lat'><em>·</em></span> 
     </span>
    </p>
   </div>
   <div class='ocr_carea' id='block_1_3' title="bbox 123 753 1315 2046">
    <p class='ocr_par' dir='ltr' id='par_1_3' title="bbox 123 753 1315 2046">
     <span class='ocr_line' id='line_1_4' title="bbox 123 753 1200 908; baseline 0.003 -64"><span class='ocrx_word' id='word_1_20' title='bbox 123 770 357 908; x_wconf 84' lang='lat' dir='ltr'>Unigenitus</span> <span class='ocrx_word' id='word_1_21' title='bbox 379 753 465 865; x_wconf 85' lang='lat' dir='ltr'>ergo</span> <span class='ocrx_word' id='word_1_22' title='bbox 482 766 582 839; x_wconf 85' lang='lat' dir='ltr'>Deus</span> <span class='ocrx_word' id='word_1_23' title='bbox 601 763 768 837; x_wconf 77' lang='lat' dir='ltr'>Salvator</span> <span class='ocrx_word' id='word_1_24' title='bbox 787 763 909 839; x_wconf 89' lang='lat' dir='ltr'>noster</span> <span class='ocrx_word' id='word_1_25' title='bbox 927 763 1022 841; x_wconf 85' lang='lat' dir='ltr'>solus</span> <span class='ocrx_word' id='word_1_26' title='bbox 1042 790 1061 843; x_wconf 89' lang='lat' dir='ltr'>a</span> <span class='ocrx_word' id='word_1_27' title='bbox 1081 770 1200 847; x_wconf 84' lang='lat' dir='ltr'>Patre&#39;</span> 
     </span>
     <span class='ocr_line' id='line_1_5' title="bbox 203 859 1199 967; baseline 0.001 -23"><span class='ocrx_word' id='word_1_28' title='bbox 203 883 414 967; x_wconf 85' lang='lat' dir='ltr'>generatus,</span> <span class='ocrx_word' id='word_1_29' title='bbox 442 863 623 939; x_wconf 87' lang='lat' dir='ltr'>natura&amp;</span> <span class='ocrx_word' id='word_1_30' title='bbox 653 885 728 938; x_wconf 92' lang='lat' dir='ltr'>non</span> <span class='ocrx_word' id='word_1_31' title='bbox 753 866 951 960; x_wconf 83' lang='lat' dir='ltr'>adoptione</span> <span class='ocrx_word' id='word_1_32' title='bbox 976 867 1086 946; x_wconf 85' lang='lat' dir='ltr'>Filius</span> <span class='ocrx_word' id='word_1_33' title='bbox 1113 859 1199 962; x_wconf 73' lang='lat' dir='ltr'>est3&#39;</span> 
     </span>
     <span class='ocr_line' id='line_1_6' title="bbox 125 964 1301 1074; baseline -0.001 -25"><span class='ocrx_word' id='word_1_34' title='bbox 125 984 230 1049; x_wconf 86' lang='lat' dir='ltr'>natus</span> <span class='ocrx_word' id='word_1_35' title='bbox 252 985 373 1044; x_wconf 84' lang='lat' dir='ltr'>autem</span> <span class='ocrx_word' id='word_1_36' title='bbox 398 990 440 1042; x_wconf 83' lang='lat' dir='ltr'>ex</span> <span class='ocrx_word' id='word_1_37' title='bbox 459 964 531 1060; x_wconf 89' lang='lat' dir='ltr'>ipsa</span> <span class='ocrx_word' id='word_1_38' title='bbox 550 964 659 1039; x_wconf 82' lang='lat' dir='ltr'>Patris</span> <span class='ocrx_word' id='word_1_39' title='bbox 677 980 822 1058; x_wconf 80' lang='lat' dir='ltr'>mente,</span> <span class='ocrx_word' id='word_1_40' title='bbox 845 966 935 1042; x_wconf 79' lang='lat' dir='ltr'>sicut</span> <span class='ocrx_word' id='word_1_41' title='bbox 952 972 1124 1047; x_wconf 81' lang='lat' dir='ltr'>voluntas</span> <span class='ocrx_word' id='word_1_42' title='bbox 1142 969 1200 1047; x_wconf 81' lang='lat' dir='ltr'>ex&#39;</span> <span class='ocrx_word' id='word_1_43' title='bbox 1297 1056 1301 1074; x_wconf 48' lang='grc'>,</span> 
     </span>
     <span class='ocr_line' id='line_1_7' title="bbox 126 1059 1191 1168; baseline 0.002 -23"><span class='ocrx_word' id='word_1_44' title='bbox 126 1084 261 1151; x_wconf 85' lang='lat' dir='ltr'>mente.</span> <span class='ocrx_word' id='word_1_45' title='bbox 312 1068 403 1143; x_wconf 92' lang='lat' dir='ltr'>Non</span> <span class='ocrx_word' id='word_1_46' title='bbox 426 1071 521 1141; x_wconf 91' lang='lat' dir='ltr'>enim</span> <span class='ocrx_word' id='word_1_47' title='bbox 543 1059 726 1149; x_wconf 77' lang='lat' dir='ltr'>divisibilis</span> <span class='ocrx_word' id='word_1_48' title='bbox 750 1064 801 1138; x_wconf 89' lang='lat' dir='ltr'>est</span> <span class='ocrx_word' id='word_1_49' title='bbox 824 1066 948 1140; x_wconf 87' lang='lat' dir='ltr'>divina</span> <span class='ocrx_word' id='word_1_50' title='bbox 970 1087 1124 1168; x_wconf 88' lang='lat' dir='ltr'>natura,</span> <span class='ocrx_word' id='word_1_51' title='bbox 1151 1074 1191 1148; x_wconf 92' lang='lat' dir='ltr'>id</span> 
     </span>
     <span class='ocr_line' id='line_1_8' title="bbox 126 1167 1305 1266; baseline 0.002 -19"><span class='ocrx_word' id='word_1_52' title='bbox 126 1172 198 1253; x_wconf 85' lang='lat' dir='ltr'>est,</span> <span class='ocrx_word' id='word_1_53' title='bbox 223 1169 372 1266; x_wconf 81' lang='lat' dir='ltr'>ingeniti</span> <span class='ocrx_word' id='word_1_54' title='bbox 397 1167 531 1261; x_wconf 86' lang='lat' dir='ltr'>Patris,</span> <span class='ocrx_word' id='word_1_55' title='bbox 557 1178 598 1237; x_wconf 91' lang='lat' dir='ltr'>nt</span> <span class='ocrx_word' id='word_1_56' title='bbox 620 1180 788 1260; x_wconf 87' lang='lat' dir='ltr'>putemus</span> <span class='ocrx_word' id='word_1_57' title='bbox 813 1168 872 1239; x_wconf 91' lang='lat' dir='ltr'>vei</span> <span class='ocrx_word' id='word_1_58' title='bbox 897 1167 1095 1266; x_wconf 87' lang='lat' dir='ltr'>divifioue,</span> <span class='ocrx_word' id='word_1_59' title='bbox 1130 1173 1204 1248; x_wconf 79' lang='lat' dir='ltr'>vel·</span> <span class='ocrx_word' id='word_1_60' title='bbox 1302 1252 1305 1258; x_wconf 76' lang='grc'><em>,</em></span> 
     </span>
     <span class='ocr_line' id='line_1_9' title="bbox 126 1263 1203 1368; baseline -0.001 -21"><span class='ocrx_word' id='word_1_61' title='bbox 126 1270 380 1347; x_wconf 74' lang='lat' dir='ltr'>imminutione</span> <span class='ocrx_word' id='word_1_62' title='bbox 396 1266 594 1342; x_wconf 81' lang='lat' dir='ltr'>substantiae</span> <span class='ocrx_word' id='word_1_63' title='bbox 615 1266 691 1359; x_wconf 77' lang='lat' dir='ltr'>ejus</span> <span class='ocrx_word' id='word_1_64' title='bbox 711 1263 837 1341; x_wconf 87' lang='lat' dir='ltr'>Filium</span> <span class='ocrx_word' id='word_1_65' title='bbox 855 1264 926 1340; x_wconf 81' lang='lat' dir='ltr'>effe</span> <span class='ocrx_word' id='word_1_66' title='bbox 949 1269 1203 1368; x_wconf 62' lang='lat' dir='ltr'>progenitum?</span> 
     </span>
     <span class='ocr_line' id='line_1_10' title="bbox 127 1364 1295 1468; baseline -0.002 -24"><span class='ocrx_word' id='word_1_67' title='bbox 127 1372 199 1468; x_wconf 78' lang='lat' dir='ltr'>Sed</span> <span class='ocrx_word' id='word_1_68' title='bbox 223 1369 298 1444; x_wconf 85' lang='lat' dir='ltr'>ssve</span> <span class='ocrx_word' id='word_1_69' title='bbox 321 1387 448 1461; x_wconf 80' lang='lat' dir='ltr'>mens,</span> <span class='ocrx_word' id='word_1_70' title='bbox 472 1366 547 1442; x_wconf 79' lang='lat' dir='ltr'>sive</span> <span class='ocrx_word' id='word_1_71' title='bbox 569 1383 658 1459; x_wconf 87' lang='lat' dir='ltr'>cor,</span> <span class='ocrx_word' id='word_1_72' title='bbox 686 1364 945 1458; x_wconf 77' lang='lat' dir='ltr'>aurseniuade</span> <span class='ocrx_word' id='word_1_73' title='bbox 960 1369 1045 1445; x_wconf 92' lang='lat' dir='ltr'>Deo</span> <span class='ocrx_word' id='word_1_74' title='bbox 1070 1374 1201 1447; x_wconf 87' lang='lat' dir='ltr'>dicen···</span> <span class='ocrx_word' id='word_1_75' title='bbox 1288 1421 1295 1442; x_wconf 46' lang='grc' dir='ltr'>ι</span> 
     </span>
     <span class='ocr_line' id='line_1_11' title="bbox 129 1464 1206 1563; baseline 0.002 -19"><span class='ocrx_word' id='word_1_76' title='bbox 129 1472 195 1544; x_wconf 83' lang='lat' dir='ltr'>dua</span> <span class='ocrx_word' id='word_1_77' title='bbox 220 1469 294 1561; x_wconf 88' lang='lat' dir='ltr'>est,</span> <span class='ocrx_word' id='word_1_78' title='bbox 329 1464 533 1542; x_wconf 86' lang='lat' dir='ltr'>indiscuiius</span> <span class='ocrx_word' id='word_1_79' title='bbox 557 1485 794 1559; x_wconf 81' lang='lat' dir='ltr'>permanens,</span> <span class='ocrx_word' id='word_1_80' title='bbox 828 1487 987 1563; x_wconf 85' lang='lat' dir='ltr'>germen·</span> <span class='ocrx_word' id='word_1_81' title='bbox 1004 1472 1206 1562; x_wconf 66' lang='lat' dir='ltr'>proferens*</span> 
     </span>
     <span class='ocr_line' id='line_1_12' title="bbox 129 1565 1207 1666; baseline 0.003 -24"><span class='ocrx_word' id='word_1_82' title='bbox 129 1570 358 1661; x_wconf 81' lang='lat' dir='ltr'>voluntatis,</span> <span class='ocrx_word' id='word_1_83' title='bbox 384 1567 493 1642; x_wconf 74' lang='lat' dir='ltr'>fabius</span> <span class='ocrx_word' id='word_1_84' title='bbox 514 1565 564 1640; x_wconf 87' lang='lat' dir='ltr'>est</span> <span class='ocrx_word' id='word_1_85' title='bbox 582 1566 695 1639; x_wconf 82' lang='lat' dir='ltr'><strong>Verbi</strong></span> <span class='ocrx_word' id='word_1_86' title='bbox 712 1565 841 1657; x_wconf 79' lang='lat' dir='ltr'>Pater3</span> <span class='ocrx_word' id='word_1_87' title='bbox 867 1568 965 1661; x_wconf 89' lang='lat' dir='ltr'>quod</span> <span class='ocrx_word' id='word_1_88' title='bbox 978 1572 1141 1649; x_wconf 87' lang='lat' dir='ltr'>Verbum</span> <span class='ocrx_word' id='word_1_89' title='bbox 1156 1574 1207 1666; x_wconf 90' lang='lat' dir='ltr'>in</span> 
     </span>
     <span class='ocr_line' id='line_1_13' title="bbox 129 1659 1303 1762; baseline 0.002 -19"><span class='ocrx_word' id='word_1_90' title='bbox 129 1672 206 1748; x_wconf 85' lang='lat' dir='ltr'>irnu</span> <span class='ocrx_word' id='word_1_91' title='bbox 222 1670 335 1744; x_wconf 87' lang='lat' dir='ltr'>Patris</span> <span class='ocrx_word' id='word_1_92' title='bbox 351 1665 600 1760; x_wconf 87' lang='lat' dir='ltr'>requiescens,</span> <span class='ocrx_word' id='word_1_93' title='bbox 625 1672 819 1740; x_wconf 83' lang='lat' dir='ltr'>annunciat</span> <span class='ocrx_word' id='word_1_94' title='bbox 839 1674 960 1756; x_wconf 84' lang='lat' dir='ltr'>Deum,</span> <span class='ocrx_word' id='word_1_95' title='bbox 983 1691 1088 1762; x_wconf 89' lang='lat' dir='ltr'>quem</span> <span class='ocrx_word' id='word_1_96' title='bbox 1105 1659 1211 1746; x_wconf 81' lang='lat' dir='ltr'>nemo‘</span> <span class='ocrx_word' id='word_1_97' title='bbox 1301 1715 1303 1720; x_wconf 93' lang='lat'>·</span> 
     </span>
     <span class='ocr_line' id='line_1_14' title="bbox 130 1764 1315 1870; baseline 0.003 -28"><span class='ocrx_word' id='word_1_98' title='bbox 130 1774 220 1862; x_wconf 75' lang='lat' dir='ltr'>vidit</span> <span class='ocrx_word' id='word_1_99' title='bbox 246 1794 406 1865; x_wconf 76' lang='lat' dir='ltr'>unquam,</span> <span class='ocrx_word' id='word_1_100' title='bbox 434 1767 630 1838; x_wconf 83' lang='lat' dir='ltr'>&amp;revelat</span> <span class='ocrx_word' id='word_1_101' title='bbox 654 1764 820 1857; x_wconf 87' lang='lat' dir='ltr'>Patrem,</span> <span class='ocrx_word' id='word_1_102' title='bbox 847 1788 951 1860; x_wconf 89' lang='lat' dir='ltr'>quern</span> <span class='ocrx_word' id='word_1_103' title='bbox 977 1792 1086 1845; x_wconf 89' lang='lat' dir='ltr'>nemo</span> <span class='ocrx_word' id='word_1_104' title='bbox 1109 1793 1197 1870; x_wconf 87' lang='lat' dir='ltr'>cog·</span> <span class='ocrx_word' id='word_1_105' title='bbox 1277 1782 1315 1859; x_wconf 83' lang='lat'>.&#39;‘</span> 
     </span>
     <span class='ocr_line' id='line_1_15' title="bbox 131 1865 1202 2012; baseline 0.001 -64"><span class='ocrx_word' id='word_1_106' title='bbox 131 1873 244 1948; x_wconf 86' lang='lat' dir='ltr'>novit</span> <span class='ocrx_word' id='word_1_107' title='bbox 265 1868 327 1943; x_wconf 86' lang='lat' dir='ltr'>niir</span> <span class='ocrx_word' id='word_1_108' title='bbox 349 1871 422 1963; x_wconf 81' lang='lat' dir='ltr'>ipse</span> <span class='ocrx_word' id='word_1_109' title='bbox 440 1865 556 1959; x_wconf 88' lang='lat' dir='ltr'>solus,</span> <span class='ocrx_word' id='word_1_110' title='bbox 581 1866 635 1941; x_wconf 86' lang='lat' dir='ltr'>hia</span> <span class='ocrx_word' id='word_1_111' title='bbox 654 1886 749 2012; x_wconf 55' lang='lat' dir='ltr'>quoi</span> <span class='ocrx_word' id='word_1_112' title='bbox 762 1866 806 1940; x_wconf 91' lang='lat' dir='ltr'>ad</span> <span class='ocrx_word' id='word_1_113' title='bbox 824 1888 905 1941; x_wconf 88' lang='lat' dir='ltr'>eum</span> <span class='ocrx_word' id='word_1_114' title='bbox 922 1868 1028 1943; x_wconf 87' lang='lat' dir='ltr'>Pater</span> <span class='ocrx_word' id='word_1_115' title='bbox 1045 1873 1202 1972; x_wconf 65' lang='lat' dir='ltr'>coelestia</span> 
     </span>
     <span class='ocr_line' id='line_1_16' title="bbox 131 1970 755 2046; baseline -0.006 0"><span class='ocrx_word' id='word_1_116' title='bbox 131 1970 333 2046; x_wconf 84' lang='lat' dir='ltr'>attraxerit.</span> <span class='ocrx_word' id='word_1_117' title='bbox 753 1979 755 1984; x_wconf 82' lang='grc'><strong><em>·</em></strong></span> 
     </span>
    </p>
   </div>
   <div class='ocr_carea' id='block_1_4' title="bbox 93 2060 1309 2518">
    <p class='ocr_par' dir='ltr' id='par_1_4' title="bbox 93 2060 1309 2518">
     <span class='ocr_line' id='line_1_17' title="bbox 93 2060 1213 2200; baseline 0.001 -17"><span class='ocrx_word' id='word_1_118' title='bbox 93 2119 97 2124; x_wconf 88' lang='grc'><strong>’</strong></span> <span class='ocrx_word' id='word_1_119' title='bbox 137 2060 1213 2200; x_wconf 44' lang='lat' dir='ltr'>mfflm-an:</span> 
     </span>
     <span class='ocr_line' id='line_1_18' title="bbox 223 2235 1215 2393; baseline -0.002 -49"><span class='ocrx_word' id='word_1_120' title='bbox 223 2304 226 2309; x_wconf 95' lang='lat'>·</span> <span class='ocrx_word' id='word_1_121' title='bbox 363 2282 389 2343; x_wconf 81' lang='lat' dir='ltr'>n</span> <span class='ocrx_word' id='word_1_122' title='bbox 445 2277 725 2361; x_wconf 71' lang='lat' dir='ltr'>Quaero</span> <span class='ocrx_word' id='word_1_123' title='bbox 779 2235 964 2344; x_wconf 78' lang='lat' dir='ltr'>nomo</span> <span class='ocrx_word' id='word_1_124' title='bbox 1171 2241 1215 2393; x_wconf 35' lang='lat' dir='ltr'>ſs</span> 
     </span>
     <span class='ocr_line' id='line_1_19' title="bbox 126 2388 1309 2518; baseline -0.001 -30"><span class='ocrx_word' id='word_1_125' title='bbox 126 2407 194 2518; x_wconf 80' lang='lat' dir='ltr'>ru</span> <span class='ocrx_word' id='word_1_126' title='bbox 224 2400 578 2484; x_wconf 75' lang='lat' dir='ltr'>nvanomrun</span> <span class='ocrx_word' id='word_1_127' title='bbox 612 2400 900 2479; x_wconf 84' lang='lat' dir='ltr'>srcuuouu</span> <span class='ocrx_word' id='word_1_128' title='bbox 933 2388 1217 2503; x_wconf 53' lang='lat' dir='ltr'>Jonnrurm&#39;⁴</span> <span class='ocrx_word' id='word_1_129' title='bbox 1292 2486 1309 2501; x_wconf 67' lang='grc'>,,</span> 
     </span>
    </p>
   </div>
   <div class='ocr_carea' id='block_1_5' title="bbox 321 2543 1216 2784">
    <p class='ocr_par' dir='ltr' id='par_1_5' title="bbox 321 2543 1217 2785">
     <span class='ocr_line' id='line_1_20' title="bbox 405 2543 1216 2639; baseline -0.018 -19"><span class='ocrx_word' id='word_1_130' title='bbox 405 2543 539 2620; x_wconf 82' lang='lat' dir='ltr'>Tribus</span> <span class='ocrx_word' id='word_1_131' title='bbox 566 2565 585 2618; x_wconf 88' lang='lat' dir='ltr'>a</span> <span class='ocrx_word' id='word_1_132' title='bbox 610 2545 788 2639; x_wconf 80' lang='lat' dir='ltr'>principio</span> <span class='ocrx_word' id='word_1_133' title='bbox 813 2545 923 2620; x_wconf 83' lang='lat' dir='ltr'>foliis.</span> <span class='ocrx_word' id='word_1_134' title='bbox 1077 2599 1079 2607; x_wconf 94' lang='lat'><em>.</em></span> <span class='ocrx_word' id='word_1_135' title='bbox 1209 2572 1216 2605; x_wconf 92' lang='lat'>·.</span> 
     </span>
     <span class='ocr_line' id='line_1_21' title="bbox 321 2682 1124 2784; baseline -0.018 -22"><span class='ocrx_word' id='word_1_136' title='bbox 321 2691 582 2784; x_wconf 78' lang='lat' dir='ltr'>interprete</span> <span class='ocrx_word' id='word_1_137' title='bbox 620 2688 802 2784; x_wconf 78' lang='lat' dir='ltr'>Joenne</span> <span class='ocrx_word' id='word_1_138' title='bbox 839 2682 1019 2767; x_wconf 66' lang='lat' dir='ltr'>Tremo,</span> <span class='ocrx_word' id='word_1_139' title='bbox 1118 2756 1124 2779; x_wconf 77' lang='lat'><strong><em>.</em></strong></span> 
     </span>
    </p>
   </div>
   <div class='ocr_carea' id='block_1_6' title="bbox 120 2845 1316 3559">
    <p class='ocr_par' dir='ltr' id='par_1_6' title="bbox 120 2845 1215 3027">
     <span class='ocr_line' id='line_1_22' title="bbox 120 2845 1215 3027; baseline 0.006 -99"><span class='ocrx_word' id='word_1_140' title='bbox 120 2867 176 2930; x_wconf 79' lang='lat' dir='ltr'>a.</span> <span class='ocrx_word' id='word_1_141' title='bbox 206 2853 334 3027; x_wconf 65' lang='lat' dir='ltr'>Oui</span> <span class='ocrx_word' id='word_1_142' title='bbox 359 2849 489 2924; x_wconf 89' lang='lat' dir='ltr'>dividit</span> <span class='ocrx_word' id='word_1_143' title='bbox 515 2847 608 2940; x_wconf 86' lang='lat' dir='ltr'>apud</span> <span class='ocrx_word' id='word_1_144' title='bbox 630 2845 665 2922; x_wconf 89' lang='lat' dir='ltr'>se</span> <span class='ocrx_word' id='word_1_145' title='bbox 686 2869 839 2943; x_wconf 88' lang='lat' dir='ltr'>vocem,</span> <span class='ocrx_word' id='word_1_146' title='bbox 867 2849 1143 2953; x_wconf 73' lang='lat' dir='ltr'>negoriana,</span> <span class='ocrx_word' id='word_1_147' title='bbox 1169 2857 1215 2935; x_wconf 79' lang='lat' dir='ltr'>de</span> 
     </span>
    </p>

    <p class='ocr_par' dir='ltr' id='par_1_7' title="bbox 125 2946 1316 3559">
     <span class='ocr_line' id='line_1_23' title="bbox 321 2946 1316 3044; baseline 0.014 -22"><span class='ocrx_word' id='word_1_148' title='bbox 321 2971 398 3037; x_wconf 86' lang='lat' dir='ltr'>res,</span> <span class='ocrx_word' id='word_1_149' title='bbox 416 2969 483 3042; x_wconf 86' lang='lat' dir='ltr'>pro</span> <span class='ocrx_word' id='word_1_150' title='bbox 501 2950 627 3040; x_wconf 83' lang='lat' dir='ltr'>quibua</span> <span class='ocrx_word' id='word_1_151' title='bbox 644 2952 817 3023; x_wconf 87' lang='lat' dir='ltr'>notiones</span> <span class='ocrx_word' id='word_1_152' title='bbox 833 2962 1031 3044; x_wconf 80' lang='lat' dir='ltr'>ponuntur,</span> <span class='ocrx_word' id='word_1_153' title='bbox 1048 2978 1123 3032; x_wconf 91' lang='lat' dir='ltr'>non</span> <span class='ocrx_word' id='word_1_154' title='bbox 1141 2946 1220 3035; x_wconf 65' lang='lat' dir='ltr'>ira-l</span> <span class='ocrx_word' id='word_1_155' title='bbox 1307 3017 1316 3039; x_wconf 48' lang='lat' dir='ltr'>r</span> 
     </span>
     <span class='ocr_line' id='line_1_24' title="bbox 139 3048 1215 3155; baseline 0.007 -30"><span class='ocrx_word' id='word_1_156' title='bbox 139 3053 269 3150; x_wconf 83' lang='lat' dir='ltr'>pinget</span> <span class='ocrx_word' id='word_1_157' title='bbox 290 3051 334 3124; x_wconf 88' lang='lat' dir='ltr'>ad</span> <span class='ocrx_word' id='word_1_158' title='bbox 353 3048 589 3149; x_wconf 86' lang='lat' dir='ltr'>soloecismum</span> <span class='ocrx_word' id='word_1_159' title='bbox 609 3051 737 3139; x_wconf 84' lang='lat' dir='ltr'>vocis,</span> <span class='ocrx_word' id='word_1_160' title='bbox 766 3070 846 3125; x_wconf 91' lang='lat' dir='ltr'>curn</span> <span class='ocrx_word' id='word_1_161' title='bbox 870 3052 1215 3155; x_wconf 58' lang='lat' dir='ltr'>perscrutatus-rer,</span> 
     </span>
     <span class='ocr_line' id='line_1_25' title="bbox 142 3148 1305 3247; baseline 0.009 -22"><span class='ocrx_word' id='word_1_162' title='bbox 142 3155 272 3247; x_wconf 86' lang='lat' dir='ltr'>quibus</span> <span class='ocrx_word' id='word_1_163' title='bbox 295 3148 531 3247; x_wconf 78' lang='lat' dir='ltr'>significandis</span> <span class='ocrx_word' id='word_1_164' title='bbox 552 3168 667 3221; x_wconf 82' lang='lat' dir='ltr'>vocer</span> <span class='ocrx_word' id='word_1_165' title='bbox 688 3149 920 3240; x_wconf 87' lang='lat' dir='ltr'>adhibentur,</span> <span class='ocrx_word' id='word_1_166' title='bbox 947 3151 1043 3229; x_wconf 83' lang='lat' dir='ltr'>ianas</span> <span class='ocrx_word' id='word_1_167' title='bbox 1061 3158 1095 3230; x_wconf 80' lang='lat' dir='ltr'>dr</span> <span class='ocrx_word' id='word_1_168' title='bbox 1116 3159 1210 3234; x_wconf 87' lang='lat' dir='ltr'>inte·</span> <span class='ocrx_word' id='word_1_169' title='bbox 1251 3152 1254 3171; x_wconf 92' lang='lat'>&#39;</span> <span class='ocrx_word' id='word_1_170' title='bbox 1302 3212 1305 3221; x_wconf 79' lang='lat'><strong>·</strong></span> 
     </span>
     <span class='ocr_line' id='line_1_26' title="bbox 142 3249 1209 3347; baseline 0.01 -24"><span class='ocrx_word' id='word_1_171' title='bbox 142 3274 222 3347; x_wconf 82' lang='lat' dir='ltr'>gras</span> <span class='ocrx_word' id='word_1_172' title='bbox 243 3250 444 3326; x_wconf 87' lang='lat' dir='ltr'>invenerit:</span> <span class='ocrx_word' id='word_1_173' title='bbox 471 3249 623 3324; x_wconf 83' lang='lat' dir='ltr'>maxime</span> <span class='ocrx_word' id='word_1_174' title='bbox 644 3269 736 3322; x_wconf 89' lang='lat' dir='ltr'>vero</span> <span class='ocrx_word' id='word_1_175' title='bbox 762 3271 843 3324; x_wconf 89' lang='lat' dir='ltr'>curn</span> <span class='ocrx_word' id='word_1_176' title='bbox 868 3252 1111 3346; x_wconf 87' lang='lat' dir='ltr'>profiteantur</span> <span class='ocrx_word' id='word_1_177' title='bbox 1137 3261 1209 3334; x_wconf 89' lang='lat' dir='ltr'>viti</span> 
     </span>
     <span class='ocr_line' id='line_1_27' title="bbox 125 3348 1210 3461; baseline 0.003 -32"><span class='ocrx_word' id='word_1_178' title='bbox 125 3351 250 3429; x_wconf 67' lang='lat' dir='ltr'>dauni</span> <span class='ocrx_word' id='word_1_179' title='bbox 264 3349 464 3425; x_wconf 87' lang='lat' dir='ltr'>sermonem</span> <span class='ocrx_word' id='word_1_180' title='bbox 485 3349 583 3424; x_wconf 89' lang='lat' dir='ltr'>suum</span> <span class='ocrx_word' id='word_1_181' title='bbox 602 3348 641 3425; x_wconf 79' lang='lat' dir='ltr'>dn</span> <span class='ocrx_word' id='word_1_182' title='bbox 653 3357 859 3446; x_wconf 77' lang='lat' dir='ltr'>preconium,</span> <span class='ocrx_word' id='word_1_183' title='bbox 878 3379 945 3427; x_wconf 83' lang='lat' dir='ltr'>non</span> <span class='ocrx_word' id='word_1_184' title='bbox 964 3363 1001 3428; x_wconf 82' lang='lat' dir='ltr'>in</span> <span class='ocrx_word' id='word_1_185' title='bbox 1017 3359 1210 3461; x_wconf 78' lang='lat' dir='ltr'>persuafiom</span> 
     </span>
     <span class='ocr_line' id='line_1_28' title="bbox 139 3450 1293 3559; baseline 0.012 -37"><span class='ocrx_word' id='word_1_186' title='bbox 139 3452 309 3550; x_wconf 76' lang='lat' dir='ltr'>sapientia</span> <span class='ocrx_word' id='word_1_187' title='bbox 322 3452 483 3526; x_wconf 73' lang='lat' dir='ltr'>veriorum</span> <span class='ocrx_word' id='word_1_188' title='bbox 492 3497 504 3538; x_wconf 83' lang='lat'>,</span> <span class='ocrx_word' id='word_1_189' title='bbox 524 3450 577 3540; x_wconf 80' lang='lat' dir='ltr'>sed</span> <span class='ocrx_word' id='word_1_190' title='bbox 592 3455 629 3520; x_wconf 85' lang='lat' dir='ltr'>in</span> <span class='ocrx_word' id='word_1_191' title='bbox 645 3453 1053 3555; x_wconf 76' lang='lat' dir='ltr'>demonstrationefpiriius</span> <span class='ocrx_word' id='word_1_192' title='bbox 1069 3460 1107 3539; x_wconf 73' lang='lat' dir='ltr'>(i</span> <span class='ocrx_word' id='word_1_193' title='bbox 1120 3477 1210 3559; x_wconf 83' lang='lat' dir='ltr'>pete·</span> <span class='ocrx_word' id='word_1_194' title='bbox 1287 3480 1293 3495; x_wconf 88' lang='lat'><strong><em>¹</em></strong></span> 
     </span>
    </p>
   </div>
   <div class='ocr_carea' id='block_1_7' title="bbox 143 3550 1160 3796">
    <p class='ocr_par' dir='ltr' id='par_1_8' title="bbox 143 3550 1160 3796">
     <span class='ocr_line' id='line_1_29' title="bbox 143 3550 331 3639; baseline -0.016 -12"><span class='ocrx_word' id='word_1_195' title='bbox 143 3554 234 3639; x_wconf 73' lang='lat' dir='ltr'>liaris</span> <span class='ocrx_word' id='word_1_196' title='bbox 250 3550 331 3626; x_wconf 79' lang='lat' dir='ltr'>effe.</span> 
     </span>
     <span class='ocr_line' id='line_1_30' title="bbox 196 3666 1160 3796; baseline 0.013 -34"><span class='ocrx_word' id='word_1_197' title='bbox 196 3676 344 3780; x_wconf 83' lang='lat' dir='ltr'>Deinde,</span> <span class='ocrx_word' id='word_1_198' title='bbox 362 3666 414 3763; x_wconf 73' lang='lat' dir='ltr'>uir·</span> <span class='ocrx_word' id='word_1_199' title='bbox 426 3694 614 3762; x_wconf 82' lang='lat' dir='ltr'>memoravit</span> <span class='ocrx_word' id='word_1_200' title='bbox 631 3692 801 3786; x_wconf 75' lang='lat' dir='ltr'>Evangelii</span> <span class='ocrx_word' id='word_1_201' title='bbox 808 3694 1029 3792; x_wconf 81' lang='lat' dir='ltr'>srrioecismum‚</span> <span class='ocrx_word' id='word_1_202' title='bbox 1045 3703 1160 3796; x_wconf 77' lang='lat' dir='ltr'>pergit.</span> 
     </span>
    </p>
   </div>
   <div class='ocr_carea' id='block_1_8' title="bbox 146 3800 1269 4215">
    <p class='ocr_par' dir='ltr' id='par_1_9' title="bbox 146 3800 1269 4152">
     <span class='ocr_line' id='line_1_31' title="bbox 222 3800 1269 3933; baseline 0.011 -25"><span class='ocrx_word' id='word_1_203' title='bbox 222 3856 259 3909; x_wconf 77' lang='lat' dir='ltr'>a.</span> <span class='ocrx_word' id='word_1_204' title='bbox 286 3831 354 3906; x_wconf 89' lang='lat' dir='ltr'>Sed</span> <span class='ocrx_word' id='word_1_205' title='bbox 374 3831 560 3926; x_wconf 81' lang='lat' dir='ltr'>Apostoli,</span> <span class='ocrx_word' id='word_1_206' title='bbox 587 3833 742 3923; x_wconf 89' lang='lat' dir='ltr'>quinon</span> <span class='ocrx_word' id='word_1_207' title='bbox 766 3837 976 3932; x_wconf 86' lang='lat' dir='ltr'>ignorarent</span> <span class='ocrx_word' id='word_1_208' title='bbox 992 3841 1041 3916; x_wconf 88' lang='lat' dir='ltr'>ad</span> <span class='ocrx_word' id='word_1_209' title='bbox 1055 3863 1132 3933; x_wconf 77' lang='lat' dir='ltr'>qun</span> <span class='ocrx_word' id='word_1_210' title='bbox 1150 3847 1216 3919; x_wconf 89' lang='lat' dir='ltr'>im·</span> <span class='ocrx_word' id='word_1_211' title='bbox 1258 3800 1269 3811; x_wconf 25' lang='grc' dir='ltr'><em>Ι</em></span> 
     </span>
     <span class='ocr_line' id='line_1_32' title="bbox 146 3930 1247 4035; baseline 0.007 -27"><span class='ocrx_word' id='word_1_212' title='bbox 146 3937 360 4035; x_wconf 82' lang='lat' dir='ltr'>pingerent,</span> <span class='ocrx_word' id='word_1_213' title='bbox 389 3933 423 4004; x_wconf 77' lang='lat' dir='ltr'>da</span> <span class='ocrx_word' id='word_1_214' title='bbox 446 3933 481 4005; x_wconf 92' lang='lat' dir='ltr'>in</span> <span class='ocrx_word' id='word_1_215' title='bbox 510 3932 638 4023; x_wconf 87' lang='lat' dir='ltr'>quibus</span> <span class='ocrx_word' id='word_1_216' title='bbox 665 3931 796 4007; x_wconf 55' lang='lat' dir='ltr'>studiis&gt;</span> <span class='ocrx_word' id='word_1_217' title='bbox 816 3957 893 4011; x_wconf 90' lang='lat' dir='ltr'>non</span> <span class='ocrx_word' id='word_1_218' title='bbox 920 3938 1033 4022; x_wconf 82' lang='lat' dir='ltr'>effent</span> <span class='ocrx_word' id='word_1_219' title='bbox 1059 3930 1247 4029; x_wconf 72' lang='lat' dir='ltr'>versati,¹</span> 
     </span>
     <span class='ocr_line' id='line_1_33' title="bbox 149 4031 1253 4152; baseline -0.011 -41"><span class='ocrx_word' id='word_1_220' title='bbox 149 4032 581 4139; x_wconf 75' lang='lat' dir='ltr'>profitentur-incubone</span> <span class='ocrx_word' id='word_1_221' title='bbox 597 4031 630 4112; x_wconf 85' lang='lat' dir='ltr'>ie</span> <span class='ocrx_word' id='word_1_222' title='bbox 646 4032 717 4115; x_wconf 83' lang='lat' dir='ltr'>eiie</span> <span class='ocrx_word' id='word_1_223' title='bbox 737 4035 893 4134; x_wconf 80' lang='lat' dir='ltr'>idiotas,</span> <span class='ocrx_word' id='word_1_224' title='bbox 917 4060 1005 4121; x_wconf 82' lang='lat' dir='ltr'>uon</span> <span class='ocrx_word' id='word_1_225' title='bbox 1023 4044 1253 4152; x_wconf 46' lang='lat' dir='ltr'>inretitam..</span> 
     </span>
    </p>

    <p class='ocr_par' dir='ltr' id='par_1_10' title="bbox 427 4150 1213 4215">
     <span class='ocr_line' id='line_1_34' title="bbox 427 4150 1213 4215; baseline -0.018 6"><span class='ocrx_word' id='word_1_226' title='bbox 427 4163 436 4174; x_wconf 89' lang='lat'><strong>·</strong></span> <span class='ocrx_word' id='word_1_227' title='bbox 484 4150 486 4154; x_wconf 80' lang='grc'>’</span> <span class='ocrx_word' id='word_1_228' title='bbox 675 4184 679 4191; x_wconf 92' lang='lat'><em>·</em></span> <span class='ocrx_word' id='word_1_229' title='bbox 1049 4211 1051 4215; x_wconf 84' lang='grc'><strong>,</strong></span> <span class='ocrx_word' id='word_1_230' title='bbox 1127 4152 1213 4212; x_wconf 69' lang='lat' dir='ltr'>naa</span> 
     </span>
    </p>
   </div>
   <div class='ocr_carea' id='block_1_9' title="bbox 0 0 1440 4575">
    <p class='ocr_par' dir='ltr' id='par_1_11' title="bbox 0 0 1440 4575">
     <span class='ocr_line' id='line_1_35' title="bbox 0 0 1440 4575; baseline 0 0"><span class='ocrx_word' id='word_1_231' title='bbox 0 0 1440 4575; x_wconf 95' lang='lat' dir='ltr'> </span> 
     </span>
    </p>
   </div>
  </div>
 </body>
</html>
