2817 4575
335 256 417 336 lil-
438 188 734 372 JOANNEM·
764 201 970 350 'roilli‘
1005 253 1058 338 Β·
1148 279 1223 360 tan
1330 227 1332 232 ¹

113 467 117 486 ι
148 420 280 510 cendit
298 433 466 504 aetatem,
499 417 668 512 detractis.
692 421 975 520 prodigiia;.„vel
998 423 1101 516 juxta
1126 419 1230 516 suma,

146 543 244 598 marn
267 517 545 615 perfeetionem,
572 541 649 616 quae
674 521 712 595 in
729 521 811 622 sclis
831 520 996 615 perseidis
1013 519 1226 600 invenitur:¹

88 617 92 668 ¹
144 621 276 712 ltaque
298 622 401 713 juxta
426 621 584 714 priorem
609 619 744 695 senium
769 621 1000 717 intelligenda
1028 622 1109 696 sunt
1135 615 1229 698 haec'

145 723 285 794 verba:
319 721 394 813 Nrfi
416 717 567 813 venissem
588 720 795 820 &loquutus
813 722 942 816 sur'ffim
965 728 1030 814 eis,
1049 738 1227 822 peccatum·

142 845 208 893 non
223 820 398 892 hadmar:
420 823 524 915 juxta
542 818 735 898 secundum
753 843 861 897 vero:
888 829 1031 914 omna,
1057 837 1228 925 quotquot,

141 939 219 994 ante
242 946 288 992 mc
311 940 497 1013 venerunt,
517 921 613 1014 farer
628 923 707 1010 fiant
724 926 763 1000 U
781 926 940 1014 latrones,
965 925 1004 1002 U
1020 947 1085 996 mn
1101 927 1211 996 aradie-

141 1040 225 1095 runt
247 1048 294 1095 eos
313 1046 395 1098 aves.
449 1020 543 1096 Nam
561 1038 749 1114 antequam
767 1021 974 1120 perficiatur
990 1026 1106 1113 ratio,
1132 1045 1224 1120 oru-¹

141 1127 226 1211 nia,
253 1141 331 1214 quae
348 1118 468 1196 insunt
484 1123 712 1214 hominibus,
738 1123 989 1218 vituperabilia
1006 1125 1107 1216 sunt,
1125 1123 1210 1218 quia

98 1255 101 1262 ·
140 1221 207 1297 fint
225 1221 345 1316 indiga
366 1219 640 1318 temperiem,
667 1223 795 1316 quibua
820 1220 1109 1318 etiam'perfetle'
1128 1229 1219 1298 ncn'

140 1326 395 1414 obtemperant
414 1344 477 1414 ea,
494 1343 571 1414 quae
592 1321 725 1398 suntin
741 1321 847 1397 nobis
870 1326 1013 1400 ratione
1034 1322 1207 1412 carentia,

139 1422 286 1517 tropice
312 1442 405 1494 ovea
430 1420 530 1495 ditia
581 1422 641 1496 Ac
667 1421 812 1506 fortalle
834 1424 938 1517 juxta
955 1427 1108 1522 primunr
1129 1422 1217 1496 sens

89 1497 95 1600 l
138 1521 239 1610 sum,
264 1532 372 1618 >repre
395 1520 465 1616 (ist
490 1521 541 1596 est
565 1523 686 1618 ratio)
704 1521 801 1596 fana·
819 1522 870 1598 est
888 1545 1002 1616 caro,
1025 1525 1129 1616 Juxta
1154 1519 1206 1596 se·

138 1623 297 1696 cundum
313 1642 425 1706 vero,
451 1622 555 1696 Deus
570 1637 646 1695 erat
660 1624 720 1696 ille
737 1635 843 1718 λογος
860 1620 880 1720 (
891 1625 969 1702 hoc
991 1625 1042 1698 est
1064 1625 1124 1697 illa
1147 1643 1205 1698 ra·

139 1725 231 1814 tio).
272 1720 369 1794 Huic
381 1735 499 1796 autern
514 1717 738 1813 consequens
755 1723 806 1797 est
824 1745 1004 1820 querere,
1021 1744 1106 1797 num
1125 1742 1207 1794 cer-

139 1841 227 1894 nere
252 1821 418 1915 poilimus
445 1821 601 1896 medium
631 1821 776 1912 aliquod
804 1823 842 1895 in
873 1824 1078 1897 hominibus
1109 1825 1205 1895 inter

138 1922 233 1995 hanc
256 1922 491 2014 particulam,
520 1926 602 1993 ratic
621 1921 716 2017 {alla
741 1922 782 2021 cst
801 1947 891 2010 caro,
909 1922 951 1995 'dt
972 1926 1068 1996 inter
1088 1923 1205 2008 hane,

138 2026 232 2094 Deus
248 2039 320 2094 erat
340 2024 395 2092 ida
411 2027 515 2110 ratio,
541 2021 714 2097 videlicet
729 2024 1013 2114 reelementata,
1039 2035 1146 2113 atque
1163 2021 1214 2100 in.

136 2122 234 2196 idem
258 2123 435 2196 redeunte
462 2122 606 2196 ratione
632 2125 715 2214 illa,
747 2121 935 2216 postquam
966 2122 1082 2194 fuerat
1110 2117 1218 2216 satta,

85 2268 87 2274 ·
137 2243 225 2295 caro
242 2221 413 2315 tantisper
432 2223 582 2298 inferior
597 2221 707 2315 falla,
724 2223 843 2297 donec
860 2217 987 2311 fieret,
1014 2221 1204 2314 quoderat

135 2324 172 2397 in
193 2322 373 2419 principio
394 2319 519 2417 (apud
543 2322 660 2397 Deum
682 2324 782 2397 Deus
804 2336 928 2419 nepae,
954 2321 1086 2412 idest)
1105 2322 1202 2393 ratio
1249 2381 1251 2386 .

136 2425 197 2495 illa
214 2423 308 2517 apud
325 2420 480 2496 Patrem:
507 2424 606 2516 cuius
620 2435 733 2518 nepa,
761 2423 822 2518 (dr
838 2422 917 2497 Filii
935 2419 1035 2516 Dei)
1050 2421 1203 2519 gloriam

85 2538 88 2587 ῑ
135 2524 228 2596 vidit
241 2522 505 2617 Joannecvere
519 2524 715 2618 unigeniti,
743 2520 1027 2595 velutiaPatre.
1077 2519 1244 2621 Potest„
1306 2526 1308 2537 '

134 2640 255 2697 autem
284 2622 394 2696 Filius
419 2624 525 2696 etiarn
550 2621 780 2701 sermo-effe,
813 2645 860 2698 eo
886 2623 983 2714 quod
1009 2623 1202 2694 renunciet

85 2799 89 2827 Ι
135 2724 283 2797 occulta
301 2720 413 2809 Patria
433 2722 503 2815 sui,
529 2725 588 2814 qui
605 2745 706 2797 mena
726 2722 842 2797 existit
858 2723 1004 2818 perinde
1022 2735 1128 2812 atque
1144 2719 1202 2792 Fi·

85 2836 89 2905 l
134 2824 225 2915 lius,
250 2825 310 2914 qui
331 2838 485 2910 vocatur
501 2821 628 2898 serm0.
681 2824 737 2896 Ut
763 2825 857 2897 enim
882 2824 975 2914 apud
996 2842 1064 2894 nos
1083 2818 1201 2892 sermo

85 2938 89 2977 l
135 2922 290 2997 nuncius
313 2920 363 2995 est
391 2943 510 2996 earum
533 2942 672 3005 rerum,
699 2946 776 3016 quae
801 2946 820 2994 a
843 2936 963 2995 mente
990 2928 1200 3005 cernuntur,

133 3020 179 3097 fic
195 3022 257 3095 ille
270 3022 341 3095 Dei
354 3016 498 3115 Sermo,
519 3026 579 3114 qui
598 3022 738 3097 Patrem
757 3025 907 3118 agnovit
925 3023 1094 3113 (nemine
1107 3021 1201 3093 ¹alio·

136 3123 194 3213 qui
211 3124 413 3196 mortalium
429 3125 564 3214 absque
580 3123 720 3197 ducein
738 3144 817 3197 eum
830 3123 1018 3213 intendere
1035 3123 1199 3211 valente)

134 3216 276 3296 Patrem
300 3226 457 3317 agnitum
477 3225 628 3295 revelat
679 3222 813 3296 Nullus
839 3224 933 3297 enim
960 3221 1111 3316 agnovit
1137 3220 1200 3291 Pa-

135 3335 246 3407 trem,
273 3323 338 3396 nisi
361 3322 389 3395 F
392 3325 493 3411 ilius,
520 3337 582 3397 aut
596 3324 656 3395 ille
675 3324 732 3405 cui
752 3322 864 3409 Filius,¹
881 3323 1082 3411 revelabit,
1108 3318 1214 3407 &in¹

85 3432 88 3507 ἑ
133 3436 309 3515 quantum
324 3416 451 3497 Sermo
470 3421 535 3513 est,
554 3428 661 3519 magni
680 3422 797 3497 existit
814 3424 934 3517 confilii
950 3426 1111 3490 nuncius.-
1138 3438 1199 3488 cu·

85 3552 87 3587 ³
130 3523 185 3615 ills
205 3532 407 3620 prtncr'pctttr
424 3521 536 3613 fellus
559 3523 598 3619 eft
616 3524 712 3619 super
734 3524 898 3593 humerum
921 3526 1006 3619 φης
1034 3519 1199 3615 regnavit

85 3650 100 3734 ἰ,
135 3626 228 3697 enim
248 3644 319 3714 eo,
347 3623 443 3712 quod
462 3623 497 3695 in
521 3643 665 3699 crucem
688 3621 828 3699 suffixus
849 3622 910 3695 est.
964 3619 1140 3691 Caeterum
1160 3620 1199 3691 in

137 3720 359 3818 Apocalypsi
387 3718 501 3803 sermo
528 3719 667 3816 fidelis,
693 3724 853 3800 &verus
872 3712 992 3795 sedere
1011 3720 1141 3791 dicitur
1159 3718 1200 3793 in

135 3842 229 3915 equo
247 3827 354 3913 albo,
380 3842 458 3895 mea
475 3821 650 3897 sententia
667 3823 847 3898 denotans
864 3821 967 3896 vocis
986 3821 1199 3907 claritatem,

138 3940 241 4015 quam
260 3921 409 4025 insonat
426 3921 469 3999 ad
486 3922 760 4021 noaaccedena
773 3922 939 4037 veritatis
953 3918 1090 4001 ferme.
1109 3918 1230 4009 Nun,
1330 3936 1335 3953 ⁸

548 4014 718 4123 *ua
978 4032 981 4043 ·
1123 4012 1185 4093 eit
