2817 4575
236 347 255 392 ·'
311 363 378 443 nr
416 337 700 465 Jornnerr
737 359 948 484 corros
983 366 1038 447 11.
1130 389 1200 471 179

132 533 192 606 An
209 555 274 603 non
288 531 424 625 legistis,
448 530 530 626 quod-
541 525 663 612 diisun
678 529 719 625 cll
737 536 775 600 nr
793 511 886 603 reso:
915 532 980 625 Ego
998 537 1082 603 Deus
1093 518 1198 607 ΑΜ·
1235 575 1238 582 -
1271 503 1273 508 ¹

134 628 232 721 henr,
259 634 298 708 U
317 636 403 704 Deus
424 634 525 723 Isaac,
551 631 591 708 6
612 634 702 702 Dens
722 628 845 728 Jacob?
871 635 948 702 Non
963 636 1000 725 est
1018 640 1104 704 Deus
1117 659 1198 706 mor·

130 751 273 819 tuorem,
282 732 336 821 sed
349 739 553 818 vivencium,
573 733 629 805 dr:
652 730 732 804 Non
751 731 968 825 juflrficabirur
983 738 1020 801 in
1035 734 1197 831 conspelsu

133 850 192 905 nn
214 839 316 903 omnis
333 837 462 906 vivens.
513 828 688 904 Ceterum
713 832 796 923 quid
818 831 938 903 dicere
963 850 1054 926 opus
1077 836 1127 907 est
1150 836 1197 910 de
1274 832 1277 837 ’

132 931 213 1026 ipso
235 932 316 1004 Deo
334 931 392 1003 vel
411 927 633 1003 servatore?
685 931 890 1025 Ambigitur
906 934 997 1004 enirn
1017 935 1130 1007 utrius
1153 935 1196 1010 fit
1265 925 1267 932 ’

133 1035 220 1104 voi
232 1033 313 1119 illa,
340 1052 417 1124 quae
438 1033 531 1127 apud
554 1027 754 1125 Prophetas
779 1030 883 1104 dicite
914 1034 1002 1104 Vivo
1022 1059 1086 1127 ego,
1114 1039 1195 1107 dicit

135 1136 309 1204 Dominus.
422 1187 424 1192 .
751 1202 756 1210 ,
982 1170 984 1176 v

170 1279 176 1288 ·
214 1253 270 1308 rr.
297 1230 355 1302 Ac
371 1228 546 1322 principio
563 1227 705 1319 quidem
729 1227 910 1302 videamus
926 1229 1030 1300 illud:
1057 1233 1137 1303 Νοη
1154 1229 1195 1328 est

135 1335 225 1406 Dans
251 1348 461 1414 mortuorum,
484 1329 535 1414 [cd
558 1334 762 1423 civennam
799 1329 896 1419 quod
919 1329 1068 1421 prinde
1097 1331 1195 1414 valet

133 1447 244 1524 atque
268 1432 374 1502 illud:
401 1423 492 1500 Non
511 1424 562 1500 est
577 1442 811 1520 peccatorum
830 1429 952 1517 Deus,
979 1428 1036 1501 led
1059 1425 1195 1503 sando-

129 1537 211 1605 r'um
246 1531 354 1602 Deus.
415 1526 585 1623 Magnum
613 1529 707 1600 enim
734 1525 1012 1600 Patriarcharum
1044 1549 1194 1613 munuc,

130 1631 253 1704 Deum
278 1632 361 1701 vice
383 1624 431 1697 sui
458 1628 612 1700 nominis
631 1629 779 1700 illorum
804 1630 1110 1700 nomenclaturam
1134 1651 1197 1723 ap·

130 1726 295 1825 plicuilse
318 1726 384 1803 sue
407 1725 561 1816 proprior
585 1727 820 1818 appellationi
847 1726 937 1801 Dei:
965 1729 1195 1819 quemadmo·
1314 1787 1315 1792 ,

132 1832 218 1924 dum
245 1829 350 1902 etiam
377 1822 505 1898 Paulus
527 1824 659 1915 inquit:
698 1832 828 1920 Propter
854 1830 932 1922 quod
955 1852 1021 1896 non
1047 1829 1195 1917 crubescit

134 1935 225 2004 Deus
249 1931 357 1998 vocari
384 1932 470 1995 Deus
493 1925 634 2019 ipsorum.
687 1924 809 2013 ltaque
836 1925 934 1997 Deus
961 1926 1011 1998 cst
1036 1944 1194 2028 patrum,

133 2033 167 2103 dc
195 2028 352 2102 omnium
379 2019 596 2105 sanctorum:
624 2044 691 2096 nec
717 2026 798 2097 alibi
826 2022 993 2119 scriptum
1019 2027 1193 2122 reperias,

131 2130 255 2206 Deum
273 2124 342 2201 else
364 2127 508 2216 alicujus
530 2125 722 2217 impiorum
740 2123 867 2198 Deum.
921 2123 955 2196 si
977 2144 1064 2217 ergo
1089 2124 1192 2197 Deus

132 2215 331 2303 sandlorum
345 2222 419 2316 est,
446 2224 478 2296 dt
499 2221 599 2298 Deus
615 2225 816 2298 viventium
835 2220 905 2298 eise
922 2223 1071 2325 dicitur,
1087 2222 1194 2298 sandli
1284 2270 1292 2278 -

132 2327 215 2403 sunt
234 2327 425 2416 viventes,
453 2324 668 2398 &virenter
687 2322 815 2403 sandi,
841 2324 974 2417 quippe
995 2343 1075 2397 cum
1097 2323 1194 2398 sanc·

133 2442 194 2501 tor
210 2446 288 2501 non
306 2423 347 2498 lit
364 2437 463 2496 extra
479 2423 668 2517 viventes,
682 2444 752 2497 nec
767 2423 891 2516 aliquis
903 2421 973 2515 jam
989 2425 1029 2496 srt
1047 2427 1193 2519 vivens,

134 2528 195 2621 qui
218 2546 299 2598 cum
323 2521 393 2617 ipsa
413 2527 486 2594 vita
501 2544 577 2595 non
598 2527 703 2619 etiarn
717 2526 789 2596 hoc
806 2523 957 2614 habeat,
984 2539 1024 2594 ut
1042 2522 1082 2596 srt
1098 2522 1196 2598 sanc·
1273 2542 1275 2549 '

134 2641 211 2701 toe-
242 2625 339 2698 idem
357 2622 432 2696 sere
451 2622 495 2694 de
513 2642 559 2693 eo
581 2620 799 2696 sentiendum
819 2619 891 2712 est,
917 2623 1015 2714 quod
1033 2624 1100 2695 ait:
1130 2629 1195 2695 Hi·

133 2728 250 2799 scriler
271 2721 401 2816 offridus
425 2746 477 2792 aro
499 2747 567 2813 erga
598 2727 767 2821 Dominum
788 2731 825 2791 in
850 2725 969 2814 regione
987 2726 1217 2806 viventium,

134 2823 284 2920 perinde
302 2842 342 2896 ac
359 2823 382 2896 sr
402 2816 541 2894 dixisset
552 2820 588 2894 in
607 2823 733 2895 ordine
748 2819 959 2913 sanderum,
976 2822 1035 2893 vel
1052 2823 1088 2893 in
1105 2823 1194 2896 loco
1286 2898 1296 2917 ,Ι

134 2922 358 3014 ίὶιιᾶοῐιιω,
383 2940 513 3013 nempe
536 2924 641 2996 animi
665 2922 844 2995 hilaritate
872 2919 1042 3013 proprie,
1069 2923 1128 2994 vel
1155 2925 1195 2996 in
1258 2972 1261 2980 f

136 3027 286 3115 ordine,
311 3023 371 3094 vel
389 3024 425 3095 in
444 3024 530 3093 loco
550 3019 749 3094 sanctorum
771 3018 964 3110 existente,
991 3020 1023 3091 dt
1047 3022 1196 3112 perinde
1228 3016 1236 3027 “

136 3123 231 3217 quast
249 3124 365 3197 nullus
384 3141 460 3193 erm
476 3121 583 3212 plene
603 3120 642 3192 srt
659 3116 891 3212 possessurus,
919 3119 978 3211 qui
1000 3122 1058 3192 vel
1075 3122 1116 3192 ad
1136 3140 1197 3194 or·-
1304 3120 1307 3129 '

85 3248 88 3315 ᾗ
137 3228 256 3298 dinem
276 3219 497 3309 laneorum,
524 3221 583 3291 vel
602 3219 644 3290 ad
663 3223 783 3292 locum
803 3215 1001 3292 sanderum
1020 3241 1097 3292 non
1117 3241 1196 3313 per·
1306 3213 1309 3218 ’

137 3316 297 3397 veneritt
331 3325 373 3393 ad
401 3339 507 3412 quem
531 3319 680 3390 accedat
707 3333 859 3412 oportet
883 3321 1041 3411 quisquis
1064 3320 1131 3391 hac
1158 3320 1197 3392 in

137 3421 211 3495 vita
231 3422 434 3514 perceperit
450 3419 609 3491 umbram
627 3419 759 3504 veluti,
786 3417 1021 3514 &imaginem
1037 3439 1132 3490 verae
1145 3419 1197 3490 hi·
1247 3452 1251 3459 -

136 3522 297 3599 laritatie.
349 3520 447 3615 Quill
466 3517 570 3590 illud:
599 3521 679 3589 Non
692 3519 1032 3616 justificabiturcorcm
1051 3522 1117 3588 Deo
1135 3543 1197 3588 om·
1273 3531 1277 3545 '

137 3625 344 3719 nereidem,
359 3616 515 3693 declarat
533 3620 733 3710 neminem,
760 3618 1020 3709 quantumlibet
1036 3619 1195 3710 beatum,

140 3720 262 3797 licem
283 3718 387 3808 Deo,
413 3736 453 3789 ac
472 3714 606 3809 justitia
624 3717 728 3808 ipsius
747 3716 981 3807 conferatur,
1004 3714 1197 3807 justificari,

140 3820 254 3895 velati
286 3814 311 3892 sr
340 3819 411 3889 tale
437 3814 600 3909 quiddam
632 3817 748 3889 altero
781 3818 948 3908 exemplo
978 3817 1198 3909 diceremur,
1273 3866 1280 3871 -

140 3916 229 3994 Non
248 3917 447 4013 splendebit
469 3915 613 3988 lucerna
636 3916 707 3988 ulla
732 3936 851 3990 coram
878 3913 973 4008 sole3
1001 3914 1200 4008 splendebit

144 4018 285 4113 quidem
298 4020 415 4094 omnir
432 4017 597 4109 lucerne,
624 4014 682 4088 sed
699 4031 796 4113 tum,
822 4036 909 4093 cum
918 4016 1112 4093 radiorum
1121 4012 1218 4083 toln
1293 4015 1302 4027 ‘

641 4116 689 4193 M
714 4138 740 4195 2
804 4200 813 4211 μ
1060 4108 1188 4204 splen·
