<?xml version="1.0" encoding="UTF-8"?>
<!DOCTYPE html PUBLIC "-//W3C//DTD XHTML 1.0 Transitional//EN"
    "http://www.w3.org/TR/xhtml1/DTD/xhtml1-transitional.dtd">
<html xmlns="http://www.w3.org/1999/xhtml" xml:lang="en" lang="en">
 <head>
  <title>
</title>
<meta http-equiv="Content-Type" content="text/html;charset=utf-8" />
  <meta name='ocr-system' content='tesseract 3.04.00' />
  <meta name='ocr-capabilities' content='ocr_page ocr_carea ocr_par ocr_line ocrx_word'/>
</head>
<body>
  <div class='ocr_page' id='page_1' title='image "./operaomniasanct07unkngoog_0390.png"; bbox 0 0 2817 4575; ppageno 0'>
   <div class='ocr_carea' id='block_1_1' title="bbox 272 271 1219 436">
    <p class='ocr_par' dir='ltr' id='par_1_1' title="bbox 272 271 1219 436">
     <span class='ocr_line' id='line_1_1' title="bbox 272 271 1219 436; baseline 0.001 -22"><span class='ocrx_word' id='word_1_1' title='bbox 272 357 275 364; x_wconf 95' lang='lat'>·</span> <span class='ocrx_word' id='word_1_2' title='bbox 336 271 406 414; x_wconf 82' lang='lat' dir='ltr'>tu</span> <span class='ocrx_word' id='word_1_3' title='bbox 439 299 975 434; x_wconf 80' lang='lat' dir='ltr'>Joauuourou&#39;us</span> <span class='ocrx_word' id='word_1_4' title='bbox 1011 271 1087 417; x_wconf 84' lang='lat' dir='ltr'>¹vr.</span> <span class='ocrx_word' id='word_1_5' title='bbox 1150 355 1219 436; x_wconf 72' lang='lat'>303</span> 
     </span>
    </p>
   </div>
   <div class='ocr_carea' id='block_1_2' title="bbox 157 493 1314 4181">
    <p class='ocr_par' dir='ltr' id='par_1_2' title="bbox 157 493 1314 4087">
     <span class='ocr_line' id='line_1_2' title="bbox 163 493 1218 596; baseline 0.002 -23"><span class='ocrx_word' id='word_1_6' title='bbox 163 493 318 596; x_wconf 75' lang='lat' dir='ltr'>propter</span> <span class='ocrx_word' id='word_1_7' title='bbox 344 496 593 590; x_wconf 67' lang='lat' dir='ltr'>astionem‚=fi</span> <span class='ocrx_word' id='word_1_8' title='bbox 617 498 718 590; x_wconf 83' lang='lat' dir='ltr'>quia,</span> <span class='ocrx_word' id='word_1_9' title='bbox 745 499 969 592; x_wconf 80' lang='lat' dir='ltr'>cumprobe</span> <span class='ocrx_word' id='word_1_10' title='bbox 995 495 1218 592; x_wconf 76' lang='lat' dir='ltr'>perviderit,</span> 
     </span>
     <span class='ocr_line' id='line_1_3' title="bbox 163 594 1312 698; baseline 0.003 -24"><span class='ocrx_word' id='word_1_11' title='bbox 163 603 250 692; x_wconf 89' lang='lat' dir='ltr'>quid</span> <span class='ocrx_word' id='word_1_12' title='bbox 270 603 464 698; x_wconf 86' lang='lat' dir='ltr'>agendum,</span> <span class='ocrx_word' id='word_1_13' title='bbox 480 597 656 674; x_wconf 63' lang='lat' dir='ltr'>aulonem</span> <span class='ocrx_word' id='word_1_14' title='bbox 671 600 956 675; x_wconf 87' lang='lat' dir='ltr'>convenientem</span> <span class='ocrx_word' id='word_1_15' title='bbox 971 603 1104 675; x_wconf 84' lang='lat' dir='ltr'>rationi</span> <span class='ocrx_word' id='word_1_16' title='bbox 1119 594 1223 677; x_wconf 75' lang='lat' dir='ltr'>teila</span> <span class='ocrx_word' id='word_1_17' title='bbox 1310 603 1312 608; x_wconf 81' lang='grc'><strong>’</strong></span> 
     </span>
     <span class='ocr_line' id='line_1_4' title="bbox 163 698 1225 802; baseline 0.003 -27"><span class='ocrx_word' id='word_1_18' title='bbox 163 700 364 798; x_wconf 85' lang='lat' dir='ltr'>suggerenti</span> <span class='ocrx_word' id='word_1_19' title='bbox 386 702 545 796; x_wconf 87' lang='lat' dir='ltr'>agenda,</span> <span class='ocrx_word' id='word_1_20' title='bbox 570 698 608 772; x_wconf 91' lang='lat' dir='ltr'>in</span> <span class='ocrx_word' id='word_1_21' title='bbox 626 718 719 793; x_wconf 74' lang='lat' dir='ltr'>opus</span> <span class='ocrx_word' id='word_1_22' title='bbox 737 699 962 802; x_wconf 77' lang='lat' dir='ltr'>produxerit.</span> <span class='ocrx_word' id='word_1_23' title='bbox 1012 699 1066 775; x_wconf 92' lang='lat' dir='ltr'>Ut</span> <span class='ocrx_word' id='word_1_24' title='bbox 1082 721 1225 778; x_wconf 74' lang='lat' dir='ltr'>accura—</span> 
     </span>
     <span class='ocr_line' id='line_1_5' title="bbox 164 799 1223 896; baseline 0.001 -24"><span class='ocrx_word' id='word_1_25' title='bbox 164 805 237 872; x_wconf 90' lang='lat' dir='ltr'>tius</span> <span class='ocrx_word' id='word_1_26' title='bbox 265 823 355 876; x_wconf 89' lang='lat' dir='ltr'>vero</span> <span class='ocrx_word' id='word_1_27' title='bbox 376 799 611 896; x_wconf 85' lang='lat' dir='ltr'>intelligamus</span> <span class='ocrx_word' id='word_1_28' title='bbox 635 799 741 872; x_wconf 87' lang='lat' dir='ltr'>illud:</span> <span class='ocrx_word' id='word_1_29' title='bbox 767 803 921 891; x_wconf 75' lang='lat' dir='ltr'>-Dirigite</span> <span class='ocrx_word' id='word_1_30' title='bbox 946 803 1036 871; x_wconf 85' lang='lat' dir='ltr'>viam</span> <span class='ocrx_word' id='word_1_31' title='bbox 1069 808 1223 891; x_wconf 69' lang='lat' dir='ltr'>Domanip</span> 
     </span>
     <span class='ocr_line' id='line_1_6' title="bbox 165 896 1224 996; baseline 0.002 -22"><span class='ocrx_word' id='word_1_32' title='bbox 165 913 415 995; x_wconf 89' lang='lat' dir='ltr'>opportunum</span> <span class='ocrx_word' id='word_1_33' title='bbox 431 901 501 972; x_wconf 87' lang='lat' dir='ltr'>erit</span> <span class='ocrx_word' id='word_1_34' title='bbox 518 901 648 984; x_wconf 89' lang='lat' dir='ltr'>citare,</span> <span class='ocrx_word' id='word_1_35' title='bbox 661 898 759 989; x_wconf 89' lang='lat' dir='ltr'>quod</span> <span class='ocrx_word' id='word_1_36' title='bbox 775 900 811 971; x_wconf 92' lang='lat' dir='ltr'>in</span> <span class='ocrx_word' id='word_1_37' title='bbox 828 896 1114 996; x_wconf 63' lang='lat' dir='ltr'>Proverbiorum</span> <span class='ocrx_word' id='word_1_38' title='bbox 1128 907 1224 990; x_wconf 78' lang='lat' dir='ltr'>libro</span> 
     </span>
     <span class='ocr_line' id='line_1_7' title="bbox 165 999 1226 1103; baseline 0.006 -31"><span class='ocrx_word' id='word_1_39' title='bbox 165 1000 217 1072; x_wconf 89' lang='lat' dir='ltr'>est</span> <span class='ocrx_word' id='word_1_40' title='bbox 235 999 383 1074; x_wconf 71' lang='lat' dir='ltr'>distum:</span> <span class='ocrx_word' id='word_1_41' title='bbox 417 1003 471 1071; x_wconf 80' lang='lat' dir='ltr'>Ne</span> <span class='ocrx_word' id='word_1_42' title='bbox 490 1001 698 1070; x_wconf 70' lang='lat' dir='ltr'>narina-vero</span> <span class='ocrx_word' id='word_1_43' title='bbox 718 1000 872 1095; x_wconf 82' lang='lat' dir='ltr'>nequead</span> <span class='ocrx_word' id='word_1_44' title='bbox 892 1001 1049 1072; x_wconf 68' lang='lat' dir='ltr'>demerem</span> <span class='ocrx_word' id='word_1_45' title='bbox 1069 1002 1226 1103; x_wconf 72' lang='lat' dir='ltr'>nequead</span> 
     </span>
     <span class='ocr_line' id='line_1_8' title="bbox 157 1099 1226 1199; baseline 0.009 -30"><span class='ocrx_word' id='word_1_46' title='bbox 157 1101 332 1198; x_wconf 68' lang='lat' dir='ltr'>finiflram.</span> <span class='ocrx_word' id='word_1_47' title='bbox 383 1099 456 1199; x_wconf 87' lang='lat' dir='ltr'>Qui</span> <span class='ocrx_word' id='word_1_48' title='bbox 479 1100 627 1172; x_wconf 88' lang='lat' dir='ltr'>enimin</span> <span class='ocrx_word' id='word_1_49' title='bbox 645 1100 850 1172; x_wconf 74' lang='lat' dir='ltr'>utramlibet</span> <span class='ocrx_word' id='word_1_50' title='bbox 867 1100 1039 1198; x_wconf 80' lang='lat' dir='ltr'>inclinat,</span> <span class='ocrx_word' id='word_1_51' title='bbox 1064 1104 1094 1176; x_wconf 79' lang='lat' dir='ltr'>ia</span> <span class='ocrx_word' id='word_1_52' title='bbox 1115 1106 1226 1180; x_wconf 84' lang='lat' dir='ltr'>amisit</span> 
     </span>
     <span class='ocr_line' id='line_1_9' title="bbox 164 1196 1227 1294; baseline 0.005 -20"><span class='ocrx_word' id='word_1_53' title='bbox 164 1199 452 1294; x_wconf 70' lang='lat' dir='ltr'>illudnirigere,</span> <span class='ocrx_word' id='word_1_54' title='bbox 478 1196 589 1272; x_wconf 66' lang='lat' dir='ltr'>iatius</span> <span class='ocrx_word' id='word_1_55' title='bbox 613 1217 690 1271; x_wconf 91' lang='lat' dir='ltr'>non</span> <span class='ocrx_word' id='word_1_56' title='bbox 710 1198 857 1292; x_wconf 80' lang='lat' dir='ltr'>amplius</span> <span class='ocrx_word' id='word_1_57' title='bbox 874 1218 959 1273; x_wconf 83' lang='lat' dir='ltr'>cura</span> <span class='ocrx_word' id='word_1_58' title='bbox 977 1199 1011 1274; x_wconf 71' lang='grc' dir='ltr'>δι</span> <span class='ocrx_word' id='word_1_59' title='bbox 1028 1205 1227 1279; x_wconf 89' lang='lat' dir='ltr'>conlidera·</span> 
     </span>
     <span class='ocr_line' id='line_1_10' title="bbox 165 1295 1228 1398; baseline 0.007 -26"><span class='ocrx_word' id='word_1_60' title='bbox 165 1304 271 1392; x_wconf 84' lang='lat' dir='ltr'>tione</span> <span class='ocrx_word' id='word_1_61' title='bbox 294 1299 438 1393; x_wconf 79' lang='lat' dir='ltr'>dignus,</span> <span class='ocrx_word' id='word_1_62' title='bbox 464 1295 860 1398; x_wconf 81' lang='lat' dir='ltr'>quando&#39;tranagreffus</span> <span class='ocrx_word' id='word_1_63' title='bbox 875 1295 984 1374; x_wconf 84' lang='lat' dir='ltr'>fuerit</span> <span class='ocrx_word' id='word_1_64' title='bbox 995 1301 1136 1377; x_wconf 75' lang='lat' dir='ltr'>itineris</span> <span class='ocrx_word' id='word_1_65' title='bbox 1151 1326 1228 1379; x_wconf 90' lang='lat' dir='ltr'>rec-</span> 
     </span>
     <span class='ocr_line' id='line_1_11' title="bbox 166 1397 1229 1501; baseline -0.001 -27"><span class='ocrx_word' id='word_1_66' title='bbox 166 1400 369 1474; x_wconf 82' lang='lat' dir='ltr'>titudinem.</span> <span class='ocrx_word' id='word_1_67' title='bbox 420 1401 581 1496; x_wconf 70' lang='lat' dir='ltr'>Qmiom</span> <span class='ocrx_word' id='word_1_68' title='bbox 603 1397 698 1471; x_wconf 83' lang='lat' dir='ltr'>enim</span> <span class='ocrx_word' id='word_1_69' title='bbox 707 1399 811 1495; x_wconf 78' lang='lat' dir='ltr'>juflus</span> <span class='ocrx_word' id='word_1_70' title='bbox 831 1403 1008 1490; x_wconf 79' lang='lat' dir='ltr'>Dominus,</span> <span class='ocrx_word' id='word_1_71' title='bbox 1033 1399 1229 1501; x_wconf 67' lang='lat' dir='ltr'>&amp;jusiitias</span> 
     </span>
     <span class='ocr_line' id='line_1_12' title="bbox 166 1498 1226 1597; baseline 0.008 -26"><span class='ocrx_word' id='word_1_72' title='bbox 166 1501 300 1587; x_wconf 80' lang='lat' dir='ltr'>dilexit,</span> <span class='ocrx_word' id='word_1_73' title='bbox 326 1505 366 1573; x_wconf 72' lang='lat' dir='ltr'><strong><em>U</em></strong></span> <span class='ocrx_word' id='word_1_74' title='bbox 391 1498 600 1572; x_wconf 67' lang='lat' dir='ltr'>velliternus</span> <span class='ocrx_word' id='word_1_75' title='bbox 622 1501 712 1568; x_wconf 82' lang='lat' dir='ltr'>vidit</span> <span class='ocrx_word' id='word_1_76' title='bbox 734 1499 846 1569; x_wconf 79' lang='lat' dir='ltr'>nultus</span> <span class='ocrx_word' id='word_1_77' title='bbox 866 1502 954 1595; x_wconf 77' lang='lat' dir='ltr'>ejus,</span> <span class='ocrx_word' id='word_1_78' title='bbox 979 1503 1093 1591; x_wconf 86' lang='lat' dir='ltr'>illud,</span> <span class='ocrx_word' id='word_1_79' title='bbox 1126 1505 1226 1597; x_wconf 84' lang='lat' dir='ltr'>quod</span> 
     </span>
     <span class='ocr_line' id='line_1_13' title="bbox 166 1595 1229 1700; baseline 0.008 -30"><span class='ocrx_word' id='word_1_80' title='bbox 166 1600 294 1689; x_wconf 89' lang='lat' dir='ltr'>videt,</span> <span class='ocrx_word' id='word_1_81' title='bbox 319 1600 531 1674; x_wconf 83' lang='lat' dir='ltr'>illuminat..</span> <span class='ocrx_word' id='word_1_82' title='bbox 558 1595 663 1672; x_wconf 89' lang='lat' dir='ltr'>Hanc</span> <span class='ocrx_word' id='word_1_83' title='bbox 680 1599 732 1672; x_wconf 91' lang='lat' dir='ltr'>ob</span> <span class='ocrx_word' id='word_1_84' title='bbox 750 1596 885 1673; x_wconf 88' lang='lat' dir='ltr'>eausam</span> <span class='ocrx_word' id='word_1_85' title='bbox 908 1605 969 1692; x_wconf 89' lang='lat' dir='ltr'>qui</span> <span class='ocrx_word' id='word_1_86' title='bbox 986 1601 1037 1676; x_wconf 88' lang='lat' dir='ltr'>est</span> <span class='ocrx_word' id='word_1_87' title='bbox 1058 1606 1094 1677; x_wconf 93' lang='lat' dir='ltr'>in</span> <span class='ocrx_word' id='word_1_88' title='bbox 1116 1605 1229 1700; x_wconf 65' lang='lat' dir='ltr'>consp-</span> 
     </span>
     <span class='ocr_line' id='line_1_14' title="bbox 169 1697 1227 1800; baseline 0.006 -28"><span class='ocrx_word' id='word_1_89' title='bbox 169 1699 375 1785; x_wconf 79' lang='lat' dir='ltr'>cleratione,</span> <span class='ocrx_word' id='word_1_90' title='bbox 404 1699 438 1769; x_wconf 71' lang='grc' dir='ltr'>δι</span> <span class='ocrx_word' id='word_1_91' title='bbox 455 1698 588 1789; x_wconf 85' lang='lat' dir='ltr'>tutela,</span> <span class='ocrx_word' id='word_1_92' title='bbox 612 1697 804 1773; x_wconf 87' lang='lat' dir='ltr'>utilitatem</span> <span class='ocrx_word' id='word_1_93' title='bbox 828 1717 873 1772; x_wconf 88' lang='lat' dir='ltr'>ex</span> <span class='ocrx_word' id='word_1_94' title='bbox 890 1699 958 1774; x_wconf 87' lang='lat' dir='ltr'>hac</span> <span class='ocrx_word' id='word_1_95' title='bbox 982 1722 1068 1775; x_wconf 85' lang='lat' dir='ltr'>eura</span> <span class='ocrx_word' id='word_1_96' title='bbox 1091 1704 1123 1777; x_wconf 75' lang='grc' dir='ltr'>δι</span> <span class='ocrx_word' id='word_1_97' title='bbox 1143 1725 1227 1800; x_wconf 90' lang='lat' dir='ltr'>pto·</span> 
     </span>
     <span class='ocr_line' id='line_1_15' title="bbox 167 1796 1264 1896; baseline 0.005 -24"><span class='ocrx_word' id='word_1_98' title='bbox 167 1797 329 1872; x_wconf 68' lang='lat' dir='ltr'>testione</span> <span class='ocrx_word' id='word_1_99' title='bbox 347 1799 515 1891; x_wconf 83' lang='lat' dir='ltr'>capiens,</span> <span class='ocrx_word' id='word_1_100' title='bbox 539 1796 675 1888; x_wconf 85' lang='lat' dir='ltr'>inquit:</span> <span class='ocrx_word' id='word_1_101' title='bbox 700 1800 871 1891; x_wconf 77' lang='lat' dir='ltr'>Signatum</span> <span class='ocrx_word' id='word_1_102' title='bbox 891 1799 1106 1896; x_wconf 69' lang='lat' dir='ltr'>pisupamos</span> <span class='ocrx_word' id='word_1_103' title='bbox 1121 1809 1231 1877; x_wconf 78' lang='lat' dir='ltr'>lumen</span> <span class='ocrx_word' id='word_1_104' title='bbox 1262 1835 1264 1840; x_wconf 95' lang='lat'>·</span> 
     </span>
     <span class='ocr_line' id='line_1_16' title="bbox 168 1894 1230 1998; baseline 0.008 -28"><span class='ocrx_word' id='word_1_105' title='bbox 168 1901 284 1971; x_wconf 78' lang='lat' dir='ltr'>vultus</span> <span class='ocrx_word' id='word_1_106' title='bbox 301 1903 373 1990; x_wconf 79' lang='lat' dir='ltr'>rui,</span> <span class='ocrx_word' id='word_1_107' title='bbox 403 1901 551 1971; x_wconf 78' lang='lat' dir='ltr'>Domina.</span> <span class='ocrx_word' id='word_1_108' title='bbox 602 1894 926 1988; x_wconf 81' lang='lat' dir='ltr'>Itaquestemuein</span> <span class='ocrx_word' id='word_1_109' title='bbox 945 1903 1033 1982; x_wconf 80' lang='lat' dir='ltr'>viis,</span> <span class='ocrx_word' id='word_1_110' title='bbox 1055 1903 1159 1994; x_wconf 88' lang='lat' dir='ltr'>juxta</span> <span class='ocrx_word' id='word_1_111' title='bbox 1173 1905 1230 1998; x_wconf 88' lang='lat' dir='ltr'>Je-</span> 
     </span>
     <span class='ocr_line' id='line_1_17' title="bbox 168 1995 1230 2092; baseline 0.005 -19"><span class='ocrx_word' id='word_1_112' title='bbox 168 2000 288 2075; x_wconf 81' lang='lat' dir='ltr'>remiae</span> <span class='ocrx_word' id='word_1_113' title='bbox 312 1996 421 2089; x_wconf 69' lang='lat' dir='ltr'>distr,</span> <span class='ocrx_word' id='word_1_114' title='bbox 448 1995 670 2070; x_wconf 79' lang='lat' dir='ltr'>&amp;videntes</span> <span class='ocrx_word' id='word_1_115' title='bbox 695 1996 958 2092; x_wconf 81' lang='lat' dir='ltr'>interrogemus</span> <span class='ocrx_word' id='word_1_116' title='bbox 980 1997 1125 2076; x_wconf 80' lang='lat' dir='ltr'>¹semitas</span> <span class='ocrx_word' id='word_1_117' title='bbox 1149 2004 1230 2078; x_wconf 91' lang='lat' dir='ltr'>Do·</span> 
     </span>
     <span class='ocr_line' id='line_1_18' title="bbox 168 2095 1230 2192; baseline 0.003 -17"><span class='ocrx_word' id='word_1_118' title='bbox 168 2100 255 2175; x_wconf 88' lang='lat' dir='ltr'>mini</span> <span class='ocrx_word' id='word_1_119' title='bbox 271 2095 520 2192; x_wconf 83' lang='lat' dir='ltr'>sempiternas:</span> <span class='ocrx_word' id='word_1_120' title='bbox 548 2095 791 2182; x_wconf 66' lang='lat' dir='ltr'>invideamus,</span> <span class='ocrx_word' id='word_1_121' title='bbox 809 2115 967 2188; x_wconf 82' lang='lat' dir='ltr'>quaenam</span> <span class='ocrx_word' id='word_1_122' title='bbox 984 2099 1026 2173; x_wconf 82' lang='lat' dir='ltr'>sit</span> <span class='ocrx_word' id='word_1_123' title='bbox 1044 2103 1103 2175; x_wconf 90' lang='lat' dir='ltr'>via</span> <span class='ocrx_word' id='word_1_124' title='bbox 1120 2105 1230 2192; x_wconf 84' lang='lat' dir='ltr'>bour,</span> 
     </span>
     <span class='ocr_line' id='line_1_19' title="bbox 171 2197 1232 2297; baseline 0.007 -26"><span class='ocrx_word' id='word_1_125' title='bbox 171 2201 206 2271; x_wconf 76' lang='lat' dir='ltr'>or</span> <span class='ocrx_word' id='word_1_126' title='bbox 228 2200 447 2274; x_wconf 78' lang='lat' dir='ltr'>ambulemus</span> <span class='ocrx_word' id='word_1_127' title='bbox 470 2199 507 2270; x_wconf 89' lang='lat' dir='ltr'>in</span> <span class='ocrx_word' id='word_1_128' title='bbox 530 2217 589 2270; x_wconf 87' lang='lat' dir='ltr'>ea:</span> <span class='ocrx_word' id='word_1_129' title='bbox 617 2198 789 2291; x_wconf 90' lang='lat' dir='ltr'>perinque</span> <span class='ocrx_word' id='word_1_130' title='bbox 811 2213 918 2289; x_wconf 84' lang='lat' dir='ltr'>atque</span> <span class='ocrx_word' id='word_1_131' title='bbox 942 2197 1134 2293; x_wconf 86' lang='lat' dir='ltr'>Apostoli,</span> <span class='ocrx_word' id='word_1_132' title='bbox 1170 2208 1232 2297; x_wconf 90' lang='lat' dir='ltr'>qui</span> 
     </span>
     <span class='ocr_line' id='line_1_20' title="bbox 168 2297 1233 2397; baseline 0.004 -21"><span class='ocrx_word' id='word_1_133' title='bbox 168 2300 371 2391; x_wconf 86' lang='lat' dir='ltr'>steterunt,</span> <span class='ocrx_word' id='word_1_134' title='bbox 399 2298 717 2392; x_wconf 83' lang='lat' dir='ltr'>&amp;interrogarunt</span> <span class='ocrx_word' id='word_1_135' title='bbox 736 2297 873 2371; x_wconf 85' lang='lat' dir='ltr'>semitas</span> <span class='ocrx_word' id='word_1_136' title='bbox 892 2297 1040 2375; x_wconf 87' lang='lat' dir='ltr'>Domini</span> <span class='ocrx_word' id='word_1_137' title='bbox 1054 2301 1233 2397; x_wconf 89' lang='lat' dir='ltr'>sempiter-</span> 
     </span>
     <span class='ocr_line' id='line_1_21' title="bbox 170 2395 1233 2490; baseline 0.003 -14"><span class='ocrx_word' id='word_1_138' title='bbox 170 2421 257 2476; x_wconf 84' lang='lat' dir='ltr'>nas:</span> <span class='ocrx_word' id='word_1_139' title='bbox 282 2419 411 2489; x_wconf 88' lang='lat' dir='ltr'>nempe</span> <span class='ocrx_word' id='word_1_140' title='bbox 429 2398 650 2470; x_wconf 82' lang='lat' dir='ltr'>Patriarchea</span> <span class='ocrx_word' id='word_1_141' title='bbox 673 2398 707 2469; x_wconf 72' lang='grc' dir='ltr'>ἀ</span> <span class='ocrx_word' id='word_1_142' title='bbox 728 2395 952 2488; x_wconf 84' lang='lat' dir='ltr'>Prophetas,</span> <span class='ocrx_word' id='word_1_143' title='bbox 977 2420 1129 2490; x_wconf 86' lang='lat' dir='ltr'>quorum</span> <span class='ocrx_word' id='word_1_144' title='bbox 1151 2406 1233 2479; x_wconf 91' lang='lat' dir='ltr'>lite·</span> 
     </span>
     <span class='ocr_line' id='line_1_22' title="bbox 169 2494 1232 2595; baseline -0.008 -22"><span class='ocrx_word' id='word_1_145' title='bbox 169 2520 228 2573; x_wconf 82' lang='lat' dir='ltr'>ras</span> <span class='ocrx_word' id='word_1_146' title='bbox 246 2517 326 2571; x_wconf 87' lang='lat' dir='ltr'>eum</span> <span class='ocrx_word' id='word_1_147' title='bbox 342 2494 633 2592; x_wconf 76' lang='lat' dir='ltr'>interrogassent,</span> <span class='ocrx_word' id='word_1_148' title='bbox 650 2494 773 2587; x_wconf 86' lang='lat' dir='ltr'>postea</span> <span class='ocrx_word' id='word_1_149' title='bbox 791 2498 885 2587; x_wconf 82' lang='lat' dir='ltr'>iploa</span> <span class='ocrx_word' id='word_1_150' title='bbox 899 2498 1158 2595; x_wconf 85' lang='lat' dir='ltr'>intelligendo,</span> <span class='ocrx_word' id='word_1_151' title='bbox 1177 2506 1232 2577; x_wconf 86' lang='lat' dir='ltr'>vi.</span> 
     </span>
     <span class='ocr_line' id='line_1_23' title="bbox 170 2595 1234 2694; baseline -0.001 -19"><span class='ocrx_word' id='word_1_152' title='bbox 170 2601 304 2675; x_wconf 89' lang='lat' dir='ltr'>derunt</span> <span class='ocrx_word' id='word_1_153' title='bbox 319 2598 411 2670; x_wconf 86' lang='lat' dir='ltr'>viam</span> <span class='ocrx_word' id='word_1_154' title='bbox 423 2599 577 2686; x_wconf 89' lang='lat' dir='ltr'>bonam,</span> <span class='ocrx_word' id='word_1_155' title='bbox 595 2615 726 2686; x_wconf 83' lang='lat' dir='ltr'>nempe</span> <span class='ocrx_word' id='word_1_156' title='bbox 740 2595 858 2689; x_wconf 88' lang='lat' dir='ltr'>Jesum</span> <span class='ocrx_word' id='word_1_157' title='bbox 870 2596 1068 2674; x_wconf 87' lang='lat' dir='ltr'>dicentem:</span> <span class='ocrx_word' id='word_1_158' title='bbox 1092 2600 1234 2694; x_wconf 79' lang='lat' dir='ltr'>Egosunr</span> 
     </span>
     <span class='ocr_line' id='line_1_24' title="bbox 170 2695 1233 2790; baseline 0.005 -17"><span class='ocrx_word' id='word_1_159' title='bbox 170 2695 619 2780; x_wconf 79' lang='lat' dir='ltr'>oia,&amp;ambulaveruntin</span> <span class='ocrx_word' id='word_1_160' title='bbox 631 2714 684 2768; x_wconf 84' lang='lat' dir='ltr'>ea.</span> <span class='ocrx_word' id='word_1_161' title='bbox 713 2697 813 2766; x_wconf 84' lang='lat' dir='ltr'>Bona</span> <span class='ocrx_word' id='word_1_162' title='bbox 829 2697 922 2769; x_wconf 88' lang='lat' dir='ltr'>enim</span> <span class='ocrx_word' id='word_1_163' title='bbox 936 2698 995 2769; x_wconf 92' lang='lat' dir='ltr'>via</span> <span class='ocrx_word' id='word_1_164' title='bbox 1007 2699 1169 2790; x_wconf 78' lang='lat' dir='ltr'>elt‚quae</span> <span class='ocrx_word' id='word_1_165' title='bbox 1188 2704 1233 2777; x_wconf 90' lang='lat' dir='ltr'>ad</span> 
     </span>
     <span class='ocr_line' id='line_1_25' title="bbox 171 2791 1234 2894; baseline 0.001 -20"><span class='ocrx_word' id='word_1_166' title='bbox 171 2800 314 2875; x_wconf 90' lang='lat' dir='ltr'>Patrem</span> <span class='ocrx_word' id='word_1_167' title='bbox 339 2797 438 2868; x_wconf 91' lang='lat' dir='ltr'>ducit</span> <span class='ocrx_word' id='word_1_168' title='bbox 456 2797 594 2868; x_wconf 90' lang='lat' dir='ltr'>bonum</span> <span class='ocrx_word' id='word_1_169' title='bbox 613 2794 795 2867; x_wconf 85' lang='lat' dir='ltr'>hominem</span> <span class='ocrx_word' id='word_1_170' title='bbox 818 2794 862 2867; x_wconf 86' lang='lat' dir='ltr'>de</span> <span class='ocrx_word' id='word_1_171' title='bbox 879 2791 1047 2871; x_wconf 89' lang='lat' dir='ltr'>thesauro</span> <span class='ocrx_word' id='word_1_172' title='bbox 1063 2798 1126 2871; x_wconf 93' lang='lat' dir='ltr'>suo</span> <span class='ocrx_word' id='word_1_173' title='bbox 1149 2823 1234 2894; x_wconf 90' lang='lat' dir='ltr'>pro·</span> 
     </span>
     <span class='ocr_line' id='line_1_26' title="bbox 171 2891 1237 2986; baseline 0.001 -11"><span class='ocrx_word' id='word_1_174' title='bbox 171 2898 351 2975; x_wconf 83' lang='lat' dir='ltr'>ferentem</span> <span class='ocrx_word' id='word_1_175' title='bbox 364 2899 486 2986; x_wconf 84' lang='lat' dir='ltr'>bona,</span> <span class='ocrx_word' id='word_1_176' title='bbox 511 2898 543 2967; x_wconf 72' lang='grc' dir='ltr'><strong>ἃ</strong></span> <span class='ocrx_word' id='word_1_177' title='bbox 562 2895 697 2969; x_wconf 84' lang='lat' dir='ltr'>bonum</span> <span class='ocrx_word' id='word_1_178' title='bbox 716 2891 856 2967; x_wconf 91' lang='lat' dir='ltr'>servum</span> <span class='ocrx_word' id='word_1_179' title='bbox 872 2894 906 2967; x_wconf 76' lang='grc' dir='ltr'><strong>ἅ</strong></span> <span class='ocrx_word' id='word_1_180' title='bbox 923 2892 1077 2971; x_wconf 83' lang='lat' dir='ltr'>fidelem.</span> <span class='ocrx_word' id='word_1_181' title='bbox 1122 2897 1237 2977; x_wconf 82' lang='lat' dir='ltr'>Caete-</span> 
     </span>
     <span class='ocr_line' id='line_1_27' title="bbox 172 2991 1234 3090; baseline 0.002 -17"><span class='ocrx_word' id='word_1_182' title='bbox 172 3018 253 3073; x_wconf 88' lang='lat' dir='ltr'>rnm</span> <span class='ocrx_word' id='word_1_183' title='bbox 271 2997 347 3070; x_wconf 85' lang='lat' dir='ltr'>haec</span> <span class='ocrx_word' id='word_1_184' title='bbox 367 2996 506 3087; x_wconf 90' lang='lat' dir='ltr'>quidem</span> <span class='ocrx_word' id='word_1_185' title='bbox 526 3000 584 3067; x_wconf 83' lang='lat' dir='ltr'>via</span> <span class='ocrx_word' id='word_1_186' title='bbox 598 2991 742 3090; x_wconf 88' lang='lat' dir='ltr'>angusta</span> <span class='ocrx_word' id='word_1_187' title='bbox 764 2991 815 3065; x_wconf 88' lang='lat' dir='ltr'>est</span> <span class='ocrx_word' id='word_1_188' title='bbox 835 2996 1066 3089; x_wconf 82' lang='lat' dir='ltr'>vulgaribus,</span> <span class='ocrx_word' id='word_1_189' title='bbox 1094 2999 1125 3069; x_wconf 73' lang='grc' dir='ltr'><strong>ἃ</strong></span> <span class='ocrx_word' id='word_1_190' title='bbox 1146 3003 1234 3076; x_wconf 90' lang='lat' dir='ltr'>alio·</span> 
     </span>
     <span class='ocr_line' id='line_1_28' title="bbox 175 3094 1235 3192; baseline -0.001 -22"><span class='ocrx_word' id='word_1_191' title='bbox 175 3102 236 3192; x_wconf 92' lang='lat' dir='ltr'>qui</span> <span class='ocrx_word' id='word_1_192' title='bbox 259 3096 615 3177; x_wconf 81' lang='lat' dir='ltr'>carnisamantibua,</span> <span class='ocrx_word' id='word_1_193' title='bbox 640 3095 701 3186; x_wconf 85' lang='lat' dir='ltr'>qui</span> <span class='ocrx_word' id='word_1_194' title='bbox 729 3094 800 3165; x_wconf 89' lang='lat' dir='ltr'>iter</span> <span class='ocrx_word' id='word_1_195' title='bbox 820 3113 885 3184; x_wconf 86' lang='lat' dir='ltr'>per</span> <span class='ocrx_word' id='word_1_196' title='bbox 909 3112 987 3170; x_wconf 85' lang='lat' dir='ltr'>eam</span> <span class='ocrx_word' id='word_1_197' title='bbox 1014 3095 1134 3172; x_wconf 88' lang='lat' dir='ltr'>facere</span> <span class='ocrx_word' id='word_1_198' title='bbox 1156 3121 1235 3178; x_wconf 89' lang='lat' dir='ltr'>non</span> 
     </span>
     <span class='ocr_line' id='line_1_29' title="bbox 173 3190 1235 3303; baseline 0.007 -35"><span class='ocrx_word' id='word_1_199' title='bbox 173 3194 341 3303; x_wconf 69' lang='lat' dir='ltr'>pollunt3</span> <span class='ocrx_word' id='word_1_200' title='bbox 367 3192 427 3267; x_wconf 91' lang='lat' dir='ltr'>sed</span> <span class='ocrx_word' id='word_1_201' title='bbox 443 3194 567 3268; x_wconf 87' lang='lat' dir='ltr'>eadem</span> <span class='ocrx_word' id='word_1_202' title='bbox 586 3196 692 3267; x_wconf 85' lang='lat' dir='ltr'>etiam</span> <span class='ocrx_word' id='word_1_203' title='bbox 711 3190 844 3286; x_wconf 75' lang='lat' dir='ltr'>prelia,</span> <span class='ocrx_word' id='word_1_204' title='bbox 870 3192 905 3266; x_wconf 86' lang='lat'>&amp;</span> <span class='ocrx_word' id='word_1_205' title='bbox 924 3194 1009 3267; x_wconf 85' lang='lat' dir='ltr'>trita</span> <span class='ocrx_word' id='word_1_206' title='bbox 1029 3195 1080 3270; x_wconf 87' lang='lat' dir='ltr'>est</span> <span class='ocrx_word' id='word_1_207' title='bbox 1099 3201 1143 3271; x_wconf 85' lang='lat' dir='ltr'>ab</span> <span class='ocrx_word' id='word_1_208' title='bbox 1165 3201 1235 3293; x_wconf 79' lang='lat' dir='ltr'>hia,</span> 
     </span>
     <span class='ocr_line' id='line_1_30' title="bbox 176 3294 1238 3390; baseline 0.004 -20"><span class='ocrx_word' id='word_1_209' title='bbox 176 3301 236 3390; x_wconf 85' lang='lat' dir='ltr'>qui</span> <span class='ocrx_word' id='word_1_210' title='bbox 257 3297 331 3368; x_wconf 86' lang='lat' dir='ltr'>vim</span> <span class='ocrx_word' id='word_1_211' title='bbox 348 3294 504 3384; x_wconf 86' lang='lat' dir='ltr'>faciunt,</span> <span class='ocrx_word' id='word_1_212' title='bbox 530 3307 571 3364; x_wconf 95' lang='lat' dir='ltr'>ut</span> <span class='ocrx_word' id='word_1_213' title='bbox 589 3314 654 3386; x_wconf 91' lang='lat' dir='ltr'>per</span> <span class='ocrx_word' id='word_1_214' title='bbox 672 3311 751 3365; x_wconf 84' lang='lat' dir='ltr'>eam</span> <span class='ocrx_word' id='word_1_215' title='bbox 773 3305 877 3365; x_wconf 73' lang='lat' dir='ltr'>eante</span> <span class='ocrx_word' id='word_1_216' title='bbox 904 3297 1074 3385; x_wconf 88' lang='lat' dir='ltr'>quoniam</span> <span class='ocrx_word' id='word_1_217' title='bbox 1090 3318 1166 3373; x_wconf 91' lang='lat' dir='ltr'>non</span> <span class='ocrx_word' id='word_1_218' title='bbox 1184 3300 1238 3375; x_wconf 86' lang='lat' dir='ltr'>est</span> 
     </span>
     <span class='ocr_line' id='line_1_31' title="bbox 174 3389 1239 3487; baseline 0.003 -15"><span class='ocrx_word' id='word_1_219' title='bbox 174 3399 268 3472; x_wconf 79' lang='lat' dir='ltr'>(litia</span> <span class='ocrx_word' id='word_1_220' title='bbox 282 3415 468 3487; x_wconf 82' lang='lat' dir='ltr'>premens,</span> <span class='ocrx_word' id='word_1_221' title='bbox 487 3389 544 3465; x_wconf 89' lang='lat' dir='ltr'>sed</span> <span class='ocrx_word' id='word_1_222' title='bbox 563 3391 687 3487; x_wconf 82' lang='lat' dir='ltr'>prelia.</span> <span class='ocrx_word' id='word_1_223' title='bbox 720 3389 816 3465; x_wconf 86' lang='lat' dir='ltr'>Nam</span> <span class='ocrx_word' id='word_1_224' title='bbox 832 3394 982 3483; x_wconf 90' lang='lat' dir='ltr'>quinon</span> <span class='ocrx_word' id='word_1_225' title='bbox 1000 3394 1151 3471; x_wconf 87' lang='lat' dir='ltr'>solverit</span> <span class='ocrx_word' id='word_1_226' title='bbox 1169 3403 1239 3475; x_wconf 86' lang='lat' dir='ltr'>cal·</span> 
     </span>
     <span class='ocr_line' id='line_1_32' title="bbox 175 3491 1237 3598; baseline -0.001 -25"><span class='ocrx_word' id='word_1_227' title='bbox 175 3510 365 3573; x_wconf 86' lang='lat' dir='ltr'>ceamenta</span> <span class='ocrx_word' id='word_1_228' title='bbox 387 3495 516 3586; x_wconf 90' lang='lat' dir='ltr'>pedum</span> <span class='ocrx_word' id='word_1_229' title='bbox 538 3491 708 3584; x_wconf 86' lang='lat' dir='ltr'>luorum,</span> <span class='ocrx_word' id='word_1_230' title='bbox 733 3512 853 3583; x_wconf 84' lang='lat' dir='ltr'>neque</span> <span class='ocrx_word' id='word_1_231' title='bbox 875 3491 1012 3568; x_wconf 86' lang='lat' dir='ltr'>fintere</span> <span class='ocrx_word' id='word_1_232' title='bbox 1037 3496 1237 3598; x_wconf 79' lang='lat' dir='ltr'>admiserit,</span> 
     </span>
     <span class='ocr_line' id='line_1_33' title="bbox 176 3592 1239 3691; baseline 0.007 -21"><span class='ocrx_word' id='word_1_233' title='bbox 176 3596 277 3691; x_wconf 87' lang='lat' dir='ltr'>quod</span> <span class='ocrx_word' id='word_1_234' title='bbox 302 3597 426 3684; x_wconf 81' lang='lat' dir='ltr'>locus,</span> <span class='ocrx_word' id='word_1_235' title='bbox 452 3595 489 3665; x_wconf 90' lang='lat' dir='ltr'>in</span> <span class='ocrx_word' id='word_1_236' title='bbox 514 3612 588 3683; x_wconf 90' lang='lat' dir='ltr'>quo</span> <span class='ocrx_word' id='word_1_237' title='bbox 609 3592 698 3683; x_wconf 85' lang='lat' dir='ltr'>stat,</span> <span class='ocrx_word' id='word_1_238' title='bbox 723 3592 931 3687; x_wconf 82' lang='lat' dir='ltr'>ueletiam,</span> <span class='ocrx_word' id='word_1_239' title='bbox 958 3613 1023 3686; x_wconf 92' lang='lat' dir='ltr'>per</span> <span class='ocrx_word' id='word_1_240' title='bbox 1042 3617 1148 3687; x_wconf 86' lang='lat' dir='ltr'>quem</span> <span class='ocrx_word' id='word_1_241' title='bbox 1166 3621 1239 3677; x_wconf 84' lang='lat' dir='ltr'>am·</span> 
     </span>
     <span class='ocr_line' id='line_1_34' title="bbox 177 3688 1265 3792; baseline 0.005 -21"><span class='ocrx_word' id='word_1_242' title='bbox 177 3700 299 3788; x_wconf 88' lang='lat' dir='ltr'>bulat,</span> <span class='ocrx_word' id='word_1_243' title='bbox 324 3706 419 3766; x_wconf 87' lang='lat' dir='ltr'>terra</span> <span class='ocrx_word' id='word_1_244' title='bbox 434 3688 548 3765; x_wconf 74' lang='lat' dir='ltr'>sanna</span> <span class='ocrx_word' id='word_1_245' title='bbox 562 3689 632 3786; x_wconf 87' lang='lat' dir='ltr'>est,</span> <span class='ocrx_word' id='word_1_246' title='bbox 658 3692 687 3765; x_wconf 89' lang='lat' dir='ltr'>is</span> <span class='ocrx_word' id='word_1_247' title='bbox 698 3691 836 3784; x_wconf 87' lang='lat' dir='ltr'>premit</span> <span class='ocrx_word' id='word_1_248' title='bbox 853 3694 1040 3769; x_wconf 87' lang='lat' dir='ltr'>viventem</span> <span class='ocrx_word' id='word_1_249' title='bbox 1060 3697 1175 3792; x_wconf 89' lang='lat' dir='ltr'>viam,</span> <span class='ocrx_word' id='word_1_250' title='bbox 1202 3701 1237 3775; x_wconf 74' lang='grc' dir='ltr'>δι</span> <span class='ocrx_word' id='word_1_251' title='bbox 1263 3780 1265 3787; x_wconf 72' lang='grc'>,</span> 
     </span>
     <span class='ocr_line' id='line_1_35' title="bbox 174 3788 1236 3894; baseline 0.003 -24"><span class='ocrx_word' id='word_1_252' title='bbox 174 3794 387 3871; x_wconf 87' lang='lat' dir='ltr'>sentientem</span> <span class='ocrx_word' id='word_1_253' title='bbox 412 3792 651 3886; x_wconf 81' lang='lat' dir='ltr'>proprietates</span> <span class='ocrx_word' id='word_1_254' title='bbox 674 3791 840 3865; x_wconf 85' lang='lat' dir='ltr'>facientis</span> <span class='ocrx_word' id='word_1_255' title='bbox 865 3788 975 3893; x_wconf 57' lang='lat' dir='ltr'>iter,¹</span> <span class='ocrx_word' id='word_1_256' title='bbox 998 3788 1121 3891; x_wconf 83' lang='lat' dir='ltr'>Docet</span> <span class='ocrx_word' id='word_1_257' title='bbox 1147 3800 1236 3894; x_wconf 83' lang='lat' dir='ltr'>prae&#39;-</span> 
     </span>
     <span class='ocr_line' id='line_1_36' title="bbox 175 3891 1314 3995; baseline 0.004 -26"><span class='ocrx_word' id='word_1_258' title='bbox 175 3909 277 3969; x_wconf 87' lang='lat' dir='ltr'>terea</span> <span class='ocrx_word' id='word_1_259' title='bbox 292 3894 369 3970; x_wconf 83' lang='lat' dir='ltr'>ltaec</span> <span class='ocrx_word' id='word_1_260' title='bbox 383 3895 444 3965; x_wconf 91' lang='lat' dir='ltr'>via</span> <span class='ocrx_word' id='word_1_261' title='bbox 462 3891 628 3984; x_wconf 89' lang='lat' dir='ltr'>adeum,</span> <span class='ocrx_word' id='word_1_262' title='bbox 653 3892 736 3985; x_wconf 87' lang='lat' dir='ltr'>qui,</span> <span class='ocrx_word' id='word_1_263' title='bbox 761 3891 840 3964; x_wconf 86' lang='lat' dir='ltr'>vita</span> <span class='ocrx_word' id='word_1_264' title='bbox 857 3910 938 3967; x_wconf 89' lang='lat' dir='ltr'>cum</span> <span class='ocrx_word' id='word_1_265' title='bbox 953 3891 1020 3986; x_wconf 83' lang='lat' dir='ltr'>fit,</span> <span class='ocrx_word' id='word_1_266' title='bbox 1037 3894 1144 3973; x_wconf 82' lang='lat' dir='ltr'>dixit:</span> <span class='ocrx_word' id='word_1_267' title='bbox 1171 3900 1237 3995; x_wconf 77' lang='lat' dir='ltr'>Ego</span> <span class='ocrx_word' id='word_1_268' title='bbox 1310 3950 1314 3957; x_wconf 83' lang='lat'>-</span> 
     </span>
     <span class='ocr_line' id='line_1_37' title="bbox 171 3990 1246 4087; baseline -0.001 -17"><span class='ocrx_word' id='word_1_269' title='bbox 171 3997 245 4087; x_wconf 79' lang='lat' dir='ltr'>[um</span> <span class='ocrx_word' id='word_1_270' title='bbox 261 4000 345 4075; x_wconf 77' lang='lat' dir='ltr'>vira.</span> <span class='ocrx_word' id='word_1_271' title='bbox 382 3990 558 4068; x_wconf 76' lang='lat' dir='ltr'>servator</span> <span class='ocrx_word' id='word_1_272' title='bbox 574 4010 748 4087; x_wconf 82' lang='lat' dir='ltr'>nemque,</span> <span class='ocrx_word' id='word_1_273' title='bbox 764 3991 801 4066; x_wconf 93' lang='lat' dir='ltr'>in</span> <span class='ocrx_word' id='word_1_274' title='bbox 821 4009 895 4085; x_wconf 87' lang='lat' dir='ltr'>quo</span> <span class='ocrx_word' id='word_1_275' title='bbox 909 3993 1078 4072; x_wconf 81' lang='lat' dir='ltr'>universa</span> <span class='ocrx_word' id='word_1_276' title='bbox 1093 3996 1149 4070; x_wconf 79' lang='lat' dir='ltr'>est</span> <span class='ocrx_word' id='word_1_277' title='bbox 1163 4000 1246 4083; x_wconf 72' lang='lat' dir='ltr'>uie·</span> 
     </span>
    </p>

    <p class='ocr_par' dir='ltr' id='par_1_3' title="bbox 1123 4108 1223 4181">
     <span class='ocr_line' id='line_1_38' title="bbox 1123 4108 1223 4181; baseline 0.02 -19"><span class='ocrx_word' id='word_1_278' title='bbox 1123 4108 1223 4181; x_wconf 62' lang='lat' dir='ltr'>tue,</span> 
     </span>
    </p>
   </div>
   <div class='ocr_carea' id='block_1_3' title="bbox 0 0 1435 4575">
    <p class='ocr_par' dir='ltr' id='par_1_4' title="bbox 0 0 1435 4575">
     <span class='ocr_line' id='line_1_39' title="bbox 0 0 1435 4575; baseline 0 0"><span class='ocrx_word' id='word_1_279' title='bbox 0 0 1435 4575; x_wconf 95' lang='lat' dir='ltr'> </span> 
     </span>
    </p>
   </div>
  </div>
 </body>
</html>
