2817 4575
194 359 198 372 ’
325 379 399 474 tn.
426 393 719 494 Joannem
756 394 954 472 sonus
993 397 1068 474 vr.
1127 421 1213 494 ¹373

148 557 297 650 sabeth,
321 560 479 651 replevit
500 559 677 654 Joannem
703 558 737 632 se
757 557 848 653 ipsa;
877 567 980 648 quam
1002 559 1051 632 ob
1071 559 1208 634 causam

146 656 280 730 subsilit
296 655 472 752 Joannes,
498 669 680 749 materque
698 659 812 730 veluti
828 677 870 730 os
889 656 972 749 filii,
1000 659 1033 732 Gt
1049 656 1209 751 Prophe·
1266 734 1270 742 ,

148 754 228 830 tissa
243 755 414 852 efficitur,
432 778 528 832 voce
544 779 667 855 magna
681 761 902 849 exclamans,
922 780 962 830 ac
978 759 1122 831 dicens:
1150 762 1209 829 Bo·
1226 765 1240 862 ζ

148 856 275 928 neritia
292 875 327 929 tu
346 864 434 928 inter
457 861 622 938 muheres,
647 860 683 932 ss
710 857 882 927 leneuslm
905 859 956 926 ille
973 857 1103 948 stulius
1126 882 1207 927 ven·
1240 858 1243 864 ’

147 953 287 1031 nis'rui.
337 953 413 1050 Jam
432 978 523 1030 vero
546 959 682 1031 anobis
703 972 827 1046 aperte
839 955 987 1050 perspici
1001 955 1117 1050 potest
1130 969 1205 1030 tum
1230 1009 1233 1018 -

145 1053 271 1130 Mariae
284 1057 353 1129 iter
373 1057 414 1129 ad
431 1071 600 1129 montana
617 1078 697 1131 cum
715 1055 967 1142 festinatione,
986 1069 1062 1128 tum
1077 1055 1205 1151 ingres·

145 1156 202 1229 sus
219 1158 253 1227 in
272 1156 415 1228 domum
432 1154 631 1244 Zaclrariae,
659 1178 700 1229 ac
719 1156 847 1229 deinde
867 1154 1050 1231 salutatio,
1070 1175 1137 1245 qua
1157 1154 1202 1227 sa·

146 1255 240 1328 lutat
258 1252 440 1330 Elisabeth.
492 1257 578 1329 Haee
598 1258 692 1329 enirn
711 1260 830 1330 omnia
846 1257 1042 1343 eveniunt,
1068 1269 1109 1326 ut
1126 1254 1203 1327 Ma·

144 1353 200 1425 ria'
219 1353 327 1426 saciat
354 1355 559 1448 participem
580 1354 756 1449 loannem
782 1354 1009 1451 (etiamnum
1035 1355 1070 1426 in
1094 1364 1202 1427 utero
1266 1369 1270 1378 “

143 1453 266 1528 matria
283 1451 515 1544 existentem)
529 1455 605 1546 eius
622 1458 814 1546 potentiae,
835 1475 936 1544 quarn
954 1454 1060 1525 haber
1079 1453 1122 1524 ab
1141 1475 1203 1542 eo,

144 1571 251 1644 quem
274 1564 512 1646 conceperat,
540 1557 598 1645 qui
621 1555 762 1645 quidem
778 1556 934 1649 Joannes
955 1552 988 1623 u
1008 1553 1079 1645 lpse
1097 1555 1201 1645 parti·

145 1651 260 1744 cipem
281 1651 435 1725 isaurus
452 1666 530 1725 erat
545 1666 695 1725 matrem
712 1643 805 1726 illius
825 1657 943 1750 gratiae
964 1652 1202 1744 prophetice,

145 1771 251 1843 quam
275 1768 474 1842 acceperat.
527 1750 575 1824 Et
601 1753 838 1828 decentilsme
857 1749 1022 1845 profesto
1044 1754 1081 1823 in
1100 1765 1199 1824 mon·

143 1869 226 1924 tana
243 1853 331 1923 tales
348 1847 879 1944 dispensationesperficiuntur,
892 1872 972 1924 cum
987 1851 1071 1922 nihil
1084 1853 1201 1945 magni

104 1963 108 1974 '
143 1952 223 2044 capi
247 1949 350 2044 pollit
367 1953 411 2022 ab
429 1951 481 2022 his
498 1950 811 2041 hominibus,·qui
829 1953 939 2022 valles
959 1951 1008 2022 ob
1026 1950 1202 2021 humilita-

143 2065 218 2123 tem
246 2053 401 2122 vocandi
427 2047 518 2125 sunt.
569 2049 750 2124 ldeohoc
774 2051 919 2123 inloto
945 2049 1023 2144 post
1051 2048 1200 2140 Joannls

142 2147 366 2235 testimonia3
392 2150 544 2241 primum
572 2149 716 2240 quidem
740 2152 837 2240 quod
863 2149 991 2220 dicitur
1015 2170 1034 2218 a
1059 2147 1199 2239 Joanne

143 2250 320 2324 clamante
338 2268 380 2323 ac
399 2249 611 2349 theologum
632 2264 779 2345 agente;
806 2251 953 2324 alterum
971 2266 1063 2319 vern
1081 2248 1123 2317 ad
1141 2245 1200 2319 Sa-

141 2351 313 2423 cerdotes
330 2348 365 2421 tt
383 2348 527 2423 Levites
547 2352 589 2422 ab
603 2348 865 2443 Hierosolymis
884 2349 1046 2443 aJudaeis
1054 2345 1197 2433 milior,
1270 2352 1273 2357 '

141 2450 287 2523 tertium
311 2448 353 2520 ad
373 2467 460 2539 eos,
487 2449 545 2540 qui
563 2471 607 2521 ex
629 2446 804 2522 Pharisaeis
826 2447 1017 2522 existentes
1039 2447 1199 2518 acerbius

89 2606 100 2617 ..
140 2550 432 2642 interrogarunt,
458 2544 557 2642 Jesus
569 2548 640 2637 jam
657 2549 800 2621 videtur
813 2549 856 2619 ab
874 2569 944 2639 eo,
969 2548 1026 2637 qui
1044 2544 1197 2618 testimo·
1215 2594 1219 2601 -
1302 2584 1305 2589 ·

141 2651 240 2725 nium
255 2648 486 2738 perhibuerat
501 2648 662 2719 venienti
678 2647 721 2718 ad
735 2644 791 2737 se,
817 2646 932 2719 adhuc
947 2641 1214 2738 proficientem,

140 2748 400 2835 melioremque
417 2745 652 2831 evadentemq
678 2746 779 2838 cujus
796 2743 999 2838 profefilus,
1022 2745 1052 2815 δι
1071 2745 1113 2814 ad
1129 2764 1197 2815 me·

141 2848 234 2921 liora
249 2842 469 2942 grogressua,
495 2860 583 2918 nota
601 2843 651 2918 est
668 2866 711 2919 ea
728 2846 830 2935 dies,
857 2866 934 2935 quae
954 2843 1095 2938 postera
1114 2843 1200 2916 dici·

141 2964 222 3034 tur3
248 2946 360 3018 veluti
379 2946 524 3018 enimin
544 2939 701 3036 sequenti
722 2946 1006 3034 illuminatione,
1033 2943 1066 3015 &
1085 2945 1120 3013 in
1135 2961 1200 3033 po·

85 3052 94 3089 ³
142 3044 236 3120 steta
251 3046 309 3117 die
327 3058 477 3136 propter
495 3064 559 3133 ea,
588 3063 664 3134 quae
684 3042 949 3138 precesserant,
965 3040 1063 3139 Jesus
1084 3043 1201 3129 venit,

141 3166 220 3219 non
243 3159 380 3217 tantum
402 3144 548 3239 ignotus
564 3141 761 3235 (tanquam
783 3146 840 3233 qui
866 3145 901 3216 in
926 3143 1045 3217 medio
1063 3140 1200 3214 steterit

141 3248 251 3318 etiam
269 3240 531 3337 nescientium)
548 3241 606 3315 sed
623 3243 689 3333 iam
702 3244 806 3316 etiam
821 3243 970 3316 veniens
987 3241 1200 3334 conspicuus
1236 3296 1244 3317 t

143 3348 201 3435 ei,
227 3345 283 3434 qui
307 3345 383 3415 haec
408 3357 513 3414 antea
534 3346 778 3416 anntmciarat.
829 3342 943 3416 Prima
962 3364 1048 3436 ergo
1072 3341 1130 3412 die
1149 3357 1201 3409 te-

141 3443 309 3519 stimonia
327 3439 439 3533 liunt.¹
462 3440 587 3513 Altera
605 3440 700 3534 J=·sua
719 3443 759 3514 ad
778 3442 953 3536 Joannem
970 3442 1083 3514 venit.
1109 3435 1201 3509 Ter·

143 3544 194 3616 tia
211 3558 327 3615 autem
347 3541 503 3634 Joannes
522 3538 541 3633 (
553 3561 632 3614 cum
657 3539 764 3612 staret
788 3562 867 3615 cum
891 3543 1032 3613 duobus
1048 3536 1198 3626 discipu·

142 3645 208 3728 lis,
233 3642 453 3728 intuitusque
470 3636 558 3713 elset
572 3638 686 3735 Jesum
708 3642 966 3737 ambulantem,
985 3660 1026 3711 ac
1041 3634 1200 3710 dixisset:

146 3744 225 3817 Ecce
241 3765 339 3833 agnus
358 3741 410 3810 ille
431 3736 518 3834 Der)
538 3739 724 3833 presentes
740 3740 923 3828 admonet,
942 3738 994 3810 uti
1011 3736 1201 3828 sequantur

146 3842 258 3917 filium
278 3840 357 3913 Dei.
409 3840 484 3935 Jam
506 3841 542 3911 in
565 3854 686 3930 quarta
710 3839 787 3931 die,
814 3860 893 3912 cum
913 3841 1012 3910 exire
1027 3839 1140 3909 vellet
1163 3839 1200 3907 in

147 3941 350 4033 Galilaeam,
376 3940 455 4029 ille,
484 3940 544 4030 qui
562 3939 650 4011 exiit
667 3938 709 4010 ad
727 3937 952 4030 querendum
969 3937 1066 4028 quod
1086 3936 1201 4028 perie-

145 4030 227 4143 rai,
253 4046 385 4117 invenit
407 4040 605 4138 Philippum,
632 4035 672 4112 ss
694 4040 773 4111 dicit
796 4044 848 4114 ti:
873 4041 1010 4140 Sequere
1023 4061 1087 4106 me.
1132 4033 1214 4100 Ute-

619 4139 691 4219 Aa
721 4161 743 4241 3
1084 4143 1190 4200 *lem
