2817 4575
308 283 382 410 ¹ru
417 255 1025 432 poannnm'rnnrnst
1156 343 1204 432 ,ς
1256 441 1264 452 Ι

137 516 233 573 nore
247 497 465 586 excelleret,
482 493 593 582 secit3
620 492 719 585 quod
736 513 814 567 men
832 492 1008 568 sententia
1025 513 1090 570 eos
1107 511 1207 574 ceni·
1288 522 1293 534 ¹

137 596 340 695 plectatur,
366 598 427 685 qui
458 607 640 670 vocantur
665 591 752 682 Diiq
778 594 928 670 alterum
955 594 992 668 in
1021 592 1207 691 presentie

136 712 323 772 vocentur
340 693 506 784 Throni3
532 694 678 769 tertium
695 713 786 766 vero
806 692 1030 788 Principatus
1048 696 1121 772 stne
1141 693 1207 772 dis·
1229 761 1235 776 „

136 797 239 874 idio.
290 794 352 870 Sic
375 812 493 868 autam
513 795 677 868 rationali
694 794 738 866 ad
752 795 913 868 ultimum
931 797 1108 870 rationale
1127 795 1206 872 dca-
1307 799 1311 820 ¹

87 935 91 958 ι
139 895 367 973 cendendurn
384 893 454 987 est,
482 894 580 988 quod
596 914 672 967 non
691 893 785 967 aliud
801 891 945 969 sortasse
960 895 1082 991 suerit,
1099 917 1206 990 quant

87 1021 89 1032 ·
137 999 266 1074 homo.
318 994 493 1070 Seruator
513 996 621 1090 igitur
635 994 789 1068 divinius
807 995 923 1070 multo
940 1017 1042 1089 quam
1066 1001 1204 1090 Paulus,

138 1097 250 1172 salitus
266 1094 317 1170 est
334 1098 501 1170 omnibus
525 1096 668 1174 omnia,
692 1110 736 1167 ut
752 1115 878 1171 ornnes
898 1097 957 1169 vel
977 1097 1208 1173 lucrifaceret

137 1200 199 1272 vel
224 1193 433 1291 perficeret:
468 1195 502 1268 n
529 1193 712 1272 manifeste
737 1195 849 1268 homo
875 1196 1102 1291 hominibus,
1129 1196 1207 1274 An·

139 1301 225 1396 gelis
244 1296 404 1394 Angelus
421 1294 531 1390 fastus
550 1293 611 1369 est.
648 1295 809 1388 Cumque
829 1288 986 1372 fidelium
1005 1316 1114 1372 nemo
1133 1319 1207 1388 am·

130 1399 234 1496 bigat
254 1397 437 1470 hominem
455 1417 535 1470 eum
551 1391 668 1488 fuisse,
685 1391 861 1490 Angelum
882 1396 988 1470 etiam
1004 1419 1085 1472 eum
1101 1395 1206 1472 fuisse
1229 1417 1231 1422 ·

140 1499 350 1572 inducamur
372 1496 415 1570 ad
438 1496 677 1583 credendum,
703 1493 886 1570 servantes
904 1492 1126 1594 Angelorum
1146 1520 1207 1592 ap·

142 1599 363 1693 petitiones,
390 1596 424 1668 δι
449 1597 580 1688 uerba,
608 1596 751 1688 quando
770 1596 985 1688 potestatem
1003 1619 1085 1676 eum
1100 1619 1226 1692 appe.

140 1717 194 1772 ret
208 1695 434 1793 Angelorum
452 1694 602 1771 habere:
627 1697 663 1768 in
682 1696 890 1788 quibusdam
903 1697 1094 1793 Scripturas
1113 1700 1206 1774 locis

142 1797 290 1894 Angelis
313 1795 568 1889 loquentibus,
603 1798 717 1870 veluti
742 1798 806 1868 illo
834 1800 872 1872 in
894 1799 1003 1872 loco:
1043 1801 1139 1888 Vise
1165 1800 1207 1897 ιβ

107 1947 110 1954 ·
143 1898 279 1994 Angelus
301 1901 437 1970 Domini
457 1903 494 1967 in
504 1892 637 1993 flammo
657 1901 740 1990 ignis
759 1899 794 1967 de
812 1899 907 1968 medio
928 1900 1019 1986 ruli,
1046 1899 1087 1993 (5.
1100 1903 1206 1976 dixit:

146 2000 207 2092 Ego
231 1995 299 2084 fiam
324 2001 410 2070 Deus
435 1995 624 2076 Abraham,
656 1997 693 2073 (Ἰ
728 1995 839 2088 Isaac,
874 1998 912 2074 (i
942 2000 1051 2096 Jacob.
1105 2002 1206 2100 Quin

144 2101 247 2173 etiam
265 2093 383 2172 Esaias
404 2095 514 2172 dicit:
547 2097 722 2171 Vocabitur
743 2121 855 2168 nomen
879 2103 944 2192 rjus
967 2105 1072 2196 magni
1090 2102 1209 2194 confilis

145 2200 294 2295 Angeias.
345 2196 480 2272 Primus
498 2215 608 2295 ergo,
635 2195 831 2272 &ultimus
851 2197 902 2272 est
922 2197 1112 2295 Servatur,
1129 2219 1209 2278 non

146 2300 241 2392 qaod
261 2318 339 2373 nnn
352 2299 393 2373 sit
412 2301 519 2373 etiam
536 2299 673 2391 media,
692 2298 751 2372 sed
766 2300 904 2373 idcirco
924 2302 1075 2374 duorum
1093 2315 1210 2377 extre·

144 2420 286 2477 morum
301 2402 489 2473 vocabulo
507 2399 652 2494 gaudet,
669 2414 710 2473 ut
727 2401 885 2475 declaret
906 2401 939 2475 se
956 2402 1075 2476 omnia
1093 2401 1207 2479 fuisse.

145 2497 277 2595 inspice
297 2519 390 2573 vero
411 2514 531 2572 utrum
555 2500 668 2574 homo
687 2499 729 2574 srt
752 2503 914 2574 ultimum
936 2504 1136 2593 rationalea
1162 2523 1209 2579 an

146 2622 202 2693 ea,
229 2618 310 2693 quae
326 2613 506 2672 vocantur
527 2595 782 2692 subterranea,
812 2620 966 2691 quorum
989 2603 1034 2676 de
1054 2622 1208 2677 numero

145 2800 220 2875 sunt
241 2799 277 2873 δι
297 2800 379 2891 illa,
403 2819 481 2891 quae
503 2796 678 2873 Servacer
704 2797 740 2873 se
759 2796 889 2875 saslum
907 2821 972 2893 per
992 2800 1209 2895 Prophetam
1311 2879 1314 2885 ,

147 2898 268 2975 David
292 2900 433 2991 inquit:
470 2900 517 2971 Et
542 2897 650 2986 failor
667 2902 739 2988 sam
760 2901 838 2993 ficut
859 2901 949 2971 bomo
960 2902 1031 2996 fine
1050 2906 1211 2998 odjraorie

147 3007 380 3073 intermortuos
395 3000 495 3086 iiber,-
521 2997 611 3073 ficut
635 3002 716 3094 plus
738 3001 874 3075 habens
891 3022 964 3097 prae
984 3002 1208 3097 hominibus,

146 3104 223 3194 quia
247 3113 352 3174 natus
375 3100 427 3173 sit-
441 3120 487 3173 ex
508 3100 668 3197 virgine,
695 3099 799 3174 &ob
825 3103 998 3193 reliquam
1019 3104 1131 3178 vitam
1152 3102 1211 3179 ad·

145 3196 606 3295 mirabilitertransailem,
631 3200 681 3272 ita
708 3200 803 3273 inter
827 3220 994 3275 mortuos
1015 3224 1090 3276 non
1108 3202 1211 3275 dere·

146 3300 221 3376 lisia
243 3298 295 3375 est
308 3303 426 3375 anima
449 3299 525 3392 ejus
546 3298 585 3373 in
607 3299 810 3389 infernum,
839 3321 886 3375 eo
907 3303 1005 3394 quod
1023 3304 1095 3376 illic
1114 3301 1210 3376 solus

146 3400 252 3476 inerit
268 3401 370 3474 liber.
421 3400 544 3492 Atque
563 3400 661 3473 hunc
681 3401 823 3490 quidem
847 3401 884 3474 in
905 3403 1054 3476 modum
1076 3402 1212 3493 primus

147 3502 216 3595 cll,
245 3500 455 3575 &ultimus
508 3499 621 3601 Quod
644 3498 669 3573 fi
691 3497 772 3575 sunt
791 3502 903 3576 litere
929 3504 1020 3585 Dei,
1047 3518 1087 3575 ut
1108 3500 1213 3577 certe¹

147 3600 242 3692 sunt,
270 3620 357 3693 quas
376 3596 491 3674 Santli
512 3602 674 3697 legentes
695 3623 736 3674 ea
757 3601 792 3674 se
813 3601 939 3677 dicunt
963 3604 1105 3699 legere,
1131 3620 1212 3695 quac
1259 3667 1262 3675 .

85 2600 87 2608 .
105 2534 112 2607 l

146 2698 222 2775 sunt
248 2696 464 2788 Demonec,
493 2702 553 2771 vel
582 2718 708 2772 omnes
730 2700 790 2772 vel
821 2700 939 2791 aliqui.
992 2701 1208 2793 lnquirenda
1330 2774 1334 2783 .

147 3700 207 3776 lint
222 3704 259 3797 in
278 3700 407 3773 tabulis
424 3701 528 3792 coeli,
556 3702 736 3774 elementa
760 3702 844 3795 illa,
872 3720 937 3795 per
960 3723 1037 3794 que
1060 3702 1214 3799 legenda
1308 3782 1312 3791 ,

83 3864 91 3877 .
107 3826 115 3877 ι
149 3792 225 3875 lunt
238 3796 415 3881 caelestia,
440 3799 615 3873 notiones
633 3796 736 3893 sunt,
762 3801 798 3875 in
813 3800 966 3877 minutas
981 3816 1101 3897 partes
1121 3794 1212 3875 diali

83 3938 92 3995 g
107 3902 115 3977 l
150 3896 206 3988 se,
221 3920 355 3995 nempe
374 3899 411 3972 in
427 3925 473 3991 o,
490 3899 523 3973 ἀ
538 3920 617 3991 quae
632 3897 841 3994 sequuntur,
857 3920 972 3993 usque
993 3902 1035 3975 ad
1052 3930 1093 3987 a,
1110 3894 1217 3996 quod'

83 4038 92 4089 ,
153 3998 197 4087 nl
214 3998 313 4077 filius
331 3998 416 4075 Dei.
464 3996 595 4075 Rursus
612 4001 707 4077 iciam
721 4002 939 4100 principium
953 4000 1031 4096 cll,
1052 4000 1090 4074 st
1106 3996 1226 4171 ΐκςκκὶέἣ
1321 4071 1327 4079 .

872 4120 874 4125 ·
1141 4118 1166 4169 e
