2817 4575
217 327 222 338 '
276 341 341 422 ru
376 261 670 442 Jonuuunr
706 311 915 422 rou'vs
951 343 1026 421 vr.
1096 364 1167 444 μς

139 501 296 602 perimi,
315 526 391 580 non
408 507 561 579 latentes
576 506 842 598 baptizentem
857 508 954 599 quod
972 507 1088 582 adlruc
1109 510 1170 583 ha·

136 620 234 680 irent
246 607 462 699 viperarum,
475 604 508 679 dr
522 604 675 700 aspidum
692 626 872 681 venenum
890 606 952 682 sub
967 611 1067 682 labirr
1079 609 1169 682 suia:

136 710 277 782 mearum
292 707 406 794 enirn,
434 707 571 796 inquit,
586 705 725 802 aspidum
737 709 796 793 sab
812 707 904 778 labiis
917 723 1031 780 auruirr.
1065 707 1171 784 Cum.

136 827 175 886 le
190 827 281 882 vere
295 826 476 880 venenum
497 806 693 896 baberent,
721 819 762 878 ut
781 803 1172 900 venenum-serpentia,

136 909 270 982 -etiam
287 903 534 1002 exprefferunt
552 925 618 998 per
634 906 728 980 hanc
744 927 897 980 amaram
919 910 1172 1004 interrogatio·

135 1027 216 1084 em:
252 1010 343 1102 Quid
362 1030 432 1098 ergo
452 1006 622 1102 baptizat,
638 1007 667 1100 fi
684 1025 723 1077 ιιι
746 1031 813 1077 non
832 1033 863 1079 er
886 1008 1045 1098 Cbrrllur,
1072 1034 1171 1108 nequ

135 1109 225 1188 liar,
249 1131 349 1205 neque
358 1107 510 1202 propiata
527 1100 607 1177 ille?
633 1108 775 1200 Quibus
794 1128 864 1205 ego
881 1108 1001 1182 dicere
1019 1107 1171 1201 pollema
1315 1133 1318 1140 ·

136 1225 276 1301 nquam
290 1206 454 1296 christo,
480 1220 590 1297 atque
605 1205 683 1279 Elia
699 1207 878 1299 propbeta
892 1210 1175 1301 baptizantibus,

135 1323 192 1384 tm
219 1328 296 1381 vox
319 1308 502 1380 clamantis
525 1309 561 1380 iu
592 1326 717 1379 eremo
741 1307 834 1380 hanc
863 1307 1070 1386 facultatem
1097 1327 1176 1382 non
1259 1361 1264 1382 ,
1294 1315 1298 1328 “

135 1408 317 1502 acepetitz
353 1406 620 1497 inhumaniter,
648 1425 672 1477 o
699 1408 813 1497 boni,
839 1410 1069 1504 interrogatis
1097 1407 1176 1482 mis·

135 1525 181 1582 uu
211 1506 383 1582 nuncium
412 1522 495 1579 ante
523 1504 650 1584 faciem
676 1504 805 1580 Christi
832 1508 875 1580 rd
902 1509 1173 1602 preparandum

135 1603 207 1686 lant
229 1606 305 1704 ejut
326 1626 450 1682 coram
469 1602 565 1698 ipso,
591 1605 756 1678 universa
774 1606 900 1697 ipsius,
929 1609 988 1699 qui
1013 1609 1056 1680 ad
1079 1610 1178 1680 hunc

135 1727 234 1784 reum
255 1708 405 1796 attinet,
431 1706 641 1801 ignorantes
663 1704 851 1798 mysteria:
877 1727 957 1780 nam
979 1708 1007 1780 is
1029 1729 1109 1783 cum
1135 1707 1178 1792 sit

136 1805 270 1884 hristus
296 1806 385 1904 (vei
404 1806 427 1879 st
448 1804 605 1921 nolitia)
627 1804 661 1876 dt
684 1809 744 1877 ille
767 1805 972 1898 Propheta,
1000 1809 1071 1900 ipse
1097 1827 1175 1882 non

134 1907 333 2002 eptizavit,
362 1902 419 1978 sed
436 1905 594 1996 discipuli
609 1906 698 1998 ejus.
742 1904 898 1978 Proinde
914 1907 1090 1981 undenam
1112 1927 1179 1980 vo·

134 2007 161 2082 ia
186 1999 387 2102 persuasum
408 2004 459 2077 est
482 2002 596 2078 Ellam
620 2018 814 2077 venturum
837 2006 880 2078 ad
903 2006 1173 2100 baptizandum,

134 2111 168 2186 ui
196 2127 318 2197 neque
344 2105 438 2200 ligna
464 2106 564 2178 altari
588 2102 807 2197 superpotita
835 2118 1003 2196 ternpore
1028 2104 1179 2199 Achab,

134 2211 227 2301 tque
254 2207 395 2303 egentia
419 2206 569 2291 balneo,
596 2219 638 2278 ut
657 2205 959 2278 comburerentur
983 2204 1003 2300 (
1016 2226 1096 2279 cum
1116 2225 1179 2299 ap·

134 2303 282 2383 rruiffet
300 2325 364 2397 per
385 2309 502 2400 ignem
521 2303 730 2402 Dominus)
748 2305 1019 2399 baptizaverit?
1070 2306 1181 2402 Jubet

134 2412 208 2483 rim
225 2405 502 2496 Sacerdotibus,
528 2420 570 2477 ut
584 2404 675 2479 istud
688 2404 876 2498 iacerent,
901 2424 970 2481 uec
989 2406 1023 2479 id
1041 2419 1182 2483 tantum

133 2508 245 2585 intel,
269 2526 351 2579 nant
368 2505 473 2579 dicit:
510 2509 623 2575 Dorum
638 2505 803 2595 rd-sarr'te:
828 2531 956 2602 cumque
972 2508 1070 2576 denuo
1086 2509 1120 2579 r'd
1129 2506 1184 2601 se·

133 2606 247 2699 [karta
278 2608 407 2699 Turpio,
436 2612 565 2701 inquit,
591 2607 624 2675 id
641 2604 765 2696 ferite,
791 2602 830 2679 U
853 2610 948 2677 lertio
968 2609 1000 2675 id
1018 2607 1180 2700 fecerunt.

138 2728 206 2783 um
227 2725 315 2801 ergo
333 2704 405 2797 ipse
425 2720 500 2778 tum
521 2724 598 2778 non
622 2705 837 2795 baptizarit,
863 2703 922 2779 sed
944 2707 1018 2777 aliia
1042 2704 1185 2781 cellerit
1255 2720 1257 2727 '

133 2826 211 2901 aare
235 2806 485 2898 provinciam,
520 2805 730 2894 quomodo,
766 2824 846 2879 curu
875 2803 1060 2877 accellerit
1083 2808 1186 2899 juxta

133 2906 304 2981 lalaclriae
320 2904 548 2987 vaticinium,
566 2905 812 2995 baptizaturus
830 2902 917 2981 estl.
958 2904 1067 2998 lgitur
1083 2904 1185 2977 Chri·

133 3028 188 3083 :ua
205 3006 244 3080 in
259 3022 347 3096 aqua
365 3024 441 3077 non
459 3004 640 3096 baptizat,
668 3001 727 3079 sed
745 3001 904 3096 discipuli
923 3000 1020 3104 ejus:
1047 3002 1184 3097 sibi-ipfi

133 3105 302 3183 eservans
320 3107 534 3196 baptismum
553 3106 590 3179 io
608 3104 742 3195 Spiritu
762 3101 881 3177 santio
896 3102 929 3176 dr
946 3105 1031 3199 igni.
1068 3104 1185 3197 Porro

133 3205 331 3283 leracleon
355 3205 547 3277 admittent
573 3200 826 3295 Pharilaeorum
859 3201 1061 3283 sermonem
1091 3202 1188 3281 reue

132 3307 328 3384 rolatum,
361 3304 509 3397 perinde
536 3301 629 3392 quasi
655 3314 731 3377 tum
756 3300 937 3397 Christus,
965 3319 1041 3380 tum
1067 3300 1188 3396 Elina,

132 3426 198 3481 um
216 3404 370 3492 denique
390 3402 583 3495 Prophetae
598 3420 727 3477 omues
745 3402 928 3481 debitores
944 3403 1057 3478 elient
1075 3404 1190 3495 bapti-

132 3505 256 3595 nodi,
289 3496 422 3587 iisdem
439 3503 562 3575 verbis
584 3500 722 3595 inquit,
758 3496 886 3595 quibus
911 3504 993 3583 solia
1016 3522 1108 3595 opus
1136 3501 1188 3576 est

132 3611 329 3701 laptizare:
357 3621 510 3692 cumque
532 3622 552 3678 a
573 3602 678 3674 nobie
708 3622 822 3694 nuper
847 3602 889 3679 fit
912 3603 1122 3694 redargutus
1144 3624 1191 3675 ex

132 3706 205 3797 riu,
233 3723 311 3796 quae
340 3702 517 3791 diximus,
543 3701 651 3792 idque
677 3700 889 3792 presertim,
915 3703 974 3795 qui
1007 3721 1072 3793 per
1105 3701 1194 3797 Pto·

132 3806 271 3879 ihetam
292 3803 390 3875 illum
410 3801 630 3874 intellexerit
651 3799 870 3894 Prophetam
892 3802 1093 3894 quempiam
1112 3804 1191 3876 vul-

132 3922 244 3999 garem
270 3899 423 3994 (neque
451 3901 546 3974 enim
569 3898 760 3975 ostendere
782 3903 901 3996 potest
930 3901 1193 3994 Prophetarum
1237 3894 1241 3905 '

131 4004 283 4105 aliquem
311 3996 532 4097 baptizall'e)
554 4021 629 4077 non
648 3999 774 4077 inscite
800 4000 849 4074 ait
877 4000 1198 4168 Ph²¹¹sae⁰⁵‘g.¹⁰“

1075 4121 1109 4191 u
1125 4120 1169 4169 ιι
