2817 4575
288 349 380 430 nn
418 307 704 452 Jonnnitn
738 307 946 426 nonus
982 353 1027 430 rt
1119 375 1191 448 473

114 530 285 610 'utraque
304 527 388 590 ante
409 510 525 610 Jesum
552 513 752 609 perierant:
779 509 863 586 dieo
883 527 1003 590 autem
1024 525 1096 598 tam
1113 535 1192 606 eor.
1268 535 1272 542 ·

133 620 197 710 qui
220 638 265 692 ex
285 613 577 704 circumcisione,
604 627 826 704 quam-eos,
854 614 984 702 quiea
1011 609 1194 692 Gentibun

131 713 513 810 posteacrediderunt
546 714 686 788 Verum
704 710 1216 804 enimveroquomodomox·
1254 789 1257 794 ,

130 813 249 888 rursus
270 815 306 889 hi
325 817 538 898 mittuntur,
564 809 753 905 postquam
776 810 928 886 insident
950 811 1051 888 anne
1070 812 1194 887 Domi·
1216 863 1218 872 ·

131 936 201 990 nns
217 910 475 1007 Jeroioiyrnarn
497 911 675 994 escendit,
700 911 770 982 dici
787 926 862 984 non
878 909 996 1001 potest
1014 913 1086 985 stne
1102 915 1195 1005 peri·

130 1017 234 1100 culo,
251 1034 308 1088 rec
325 1014 458 1104 alioqui
473 1009 620 1105 mystica
634 1011 670 1086 dt
682 1007 873 1102 conjuncta
891 1013 1083 1086 mutationi
1098 1011 1194 1102 sane·

130 1125 254 1192 torum
271 1114 307 1185 in
327 1110 491 1208 Angelos
518 1109 715 1188 mittendos
736 1110 772 1181 in
790 1109 916 1182 futuro
937 1110 1088 1198 saeculo,
1115 1133 1195 1208 per-

130 1212 218 1290 inde
240 1227 346 1302 atque
362 1212 413 1284 iili
430 1207 715 1286 administratorii
732 1207 893 1301 spiritur,
921 1214 980 1302 qui
1003 1217 1194 1288 mittuntur

131 1314 170 1388 in
196 1307 426 1388 ministerium
451 1329 605 1401 eorum,
643 1310 703 1400 qui
730 1308 973 1384 hereditatem
1000 1310 1209 1400 sortientur.

131 1416 219 1498 ¹vito
238 1423 545 1505 aeternaeproptcr
566 1408 654 1483 haec.
708 1408 819 1511 Quod
842 1408 865 1484 fi
886 1409 998 1501 asson,
1026 1411 1196 1504 &nullut
1287 1493 1289 1498 ,

131 1513 245 1586 iiterae
264 1526 410 1585 veteres
433 1509 592 1584 &nove
614 1505 711 1602 sunt.
740 1510 867 1599 quibus
891 1507 1018 1598 Sermo
1039 1512 1099 1586 iiie
1123 1513 1196 1590 Dei

134 1612 303 1702 vehitur,
335 1609 430 1682 haud
457 1608 648 1684 admodum
677 1605 818 1680 difficile
846 1607 957 1684 fuerit
985 1607 1195 1702 ostendere,

132 1709 321 1806 postquam
335 1705 501 1782 insederit
518 1705 621 1799 suncr
638 1707 708 1780 iilis
723 1704 870 1797 Sermo,
890 1707 924 1780 dc
942 1708 1127 1803 postquam
1143 1714 1198 1788 in·

135 1807 269 1907 greiius
294 1807 406 1884 fuerit
430 1805 714 1903 Jerosolymam,
748 1805 937 1898 quomodo
967 1812 1197 1887 remittantur

133 1930 212 1985 non
235 1909 419 1982 monentes
439 1909 537 1980 inter
562 1925 653 1996 eon,
678 1907 739 1997 qui
763 1908 983 1997 ejecerunta
1005 1907 1040 1982 se
1062 1915 1199 2008 cogite.

134 2012 255 2082 tiones
273 2027 401 2082 omnes
417 2005 620 2082 vendentes
638 2003 672 2078 dc
690 2018 862 2086 ementes.
914 2005 1087 2084 Arbitror
1102 2032 1198 2088 vero
1300 2011 1307 2024 '

136 2129 207 2201 ego
226 2125 301 2182 non
324 2103 448 2180 frustra
469 2105 577 2181 etiam
598 2105 741 2197 vicum,
767 2126 921 2197 eumque
942 2107 1015 2182 stne
1034 2114 1198 2205 nomine,

136 2204 207 2281 eiie
225 2207 345 2280 locum
363 2206 472 2298 hunc,
491 2207 552 2278 ubi
568 2203 709 2300 alligate
724 2204 816 2278 afine
833 2219 909 2280 erat
927 2207 960 2280 dc
976 2211 1105 2302 puilnc.
1134 2214 1200 2285 Vi·

135 2328 200 2387 cus
227 2308 323 2381 enim
351 2305 626 2397 comparatione
650 2305 766 2381 totius
794 2321 969 2403 ornatus,
1003 2312 1062 2401 qui
1088 2310 1199 2389 estin

136 2408 253 2493 coelo,
280 2404 445 2487 universa
463 2403 513 2479 est
529 2418 646 2495 tetra,
663 2406 726 2480 ubi
743 2402 795 2483 est
811 2408 950 2505 alligata
964 2407 1056 2487 tina
1073 2410 1107 2486 dc
1123 2404 1203 2509 put«

135 2510 209 2583 lust
236 2506 392 2611 &vicus
412 2517 610 2581 contentus
630 2505 756 2579 vocari
779 2508 913 2599 absque
929 2506 1132 2605 adjediione
1150 2514 1200 2585 al.

85 2686 89 2693 ,
135 2608 247 2679 terius
265 2605 432 2687 nominis,
483 2600 1203 2701 Aldethphrgeveroddatthaeueinquit·
1283 2634 1288 2655 ··

135 2700 396 2789 miiioriuiiie,
425 2704 484 2796 qui
503 2700 717 2778 assumerent
730 2700 856 2777 asinam
877 2703 1075 2799 &pullum
1106 2709 1202 2787 Sane

136 2806 214 2879 haec
234 2803 441 2900 Bethphage
463 2804 568 2876 locus
591 2799 642 2878 est
659 2798 913 2895 sacerdotali,
939 2826 1045 2897 quern
1071 2808 1092 2906 (
1103 2808 1129 2884 fi
1146 2812 1200 2883 in·

136 2899 379 2997 terpreteris)
400 2922 538 2977 vocare
559 2900 665 2995 possit
688 2900 848 2979 Domum
869 2906 1100 2985 nuiliacum
1152 2906 1201 2981 Et
1260 2948 1262 2953 ·

137 3005 215 3081 haec
235 3003 378 3095 quidem
401 3002 611 3092 habuimus,
638 3020 716 3093 quae
735 2999 981 3079 differeremuc
1008 3028 1078 3101 pro
1103 3009 1201 3083 virili

138 3104 184 3185 de
201 3104 279 3195 iric,
306 3122 384 3194 qne
406 3099 487 3178 sunt
505 3102 599 3195 apud
613 3099 848 3193 Matthaeum3
874 3106 1075 3193 pleniorem
1093 3120 1201 3202 atque

139 3201 397 3283 accuratiorem
414 3199 612 3279 sermonem
624 3199 794 3293 habituri,
809 3198 900 3283 naut
914 3206 1202 3285 commodiorem

140 3296 366 3379 occasronem
385 3299 644 3394 inteiptetandi
658 3294 895 3397 Evangelium
908 3324 926 3376 a
937 3304 1118 3384 Mattheo
1131 3320 1203 3381 tra-

140 3403 265 3482 ditum.
315 3400 368 3479 At
383 3400 530 3475 Marcus
549 3398 582 3473 dc
600 3396 718 3479 Lucas
736 3403 870 3493 polium
887 3404 1081 3503 alligatum,
1098 3405 1203 3500 supet

139 3522 246 3597 quem
264 3502 384 3575 nullut
402 3519 556 3591 unquam
571 3499 758 3581 hominum
772 3498 929 3587 sedisset,
954 3520 1136 3601 repertum
1152 3506 1204 3581 di·

140 3616 231 3675 cunt
241 3596 337 3689 juxto
347 3598 495 3675 Domini
504 3596 877 3691 juffionemaduobuc
890 3601 1080 3697 discipulis,
1094 3626 1202 3697 quem

138 3700 297 3783 solutum
315 3700 357 3771 ad
376 3699 573 3779 Dominum
596 3697 776 3777 duxerint.
829 3701 941 3776 Addit
964 3717 1082 3787 autem
1102 3705 1204 3781 Mar·

139 3822 205 3883 cuc
222 3810 402 3891 repertum
422 3800 555 3891 pullum
572 3798 752 3893 alligatum
772 3798 815 3872 ad
826 3801 968 3893 januam
983 3805 1074 3881 forie
1093 3808 1130 3887 in
1151 3810 1205 3883 bi-

140 3902 218 3975 vio.
272 3897 342 3977 Sed
369 3898 446 3991 quit
466 3900 555 3975 forie
578 3912 675 3984 etat,
701 3896 763 3973 nisr
789 3900 976 3999 Gentiles,
1002 3907 1206 3983 extraneia

138 3996 361 4087 testamentis
377 3996 412 4081 d
427 4000 531 4087 ueni
547 3996 811 4175 eproniffione
827 3998 919 4107 Deir
945 4006 1208 4177 inbiviokrmn

468 4163 471 4168 .
670 4117 741 4207 gs
1101 4121 1155 4191 *u
