2817 4575
326 381 730 502 ¹rujJnautmu
767 375 1086 474 tonusvi.
1144 417 1218 495 299

162 590 234 643 nec
252 587 384 642 vocem
400 564 664 639 clamantem-in
684 561 824 635 deserto
833 597 851 641 ‚··
864 557 923 637 sed
935 582 1067 654 vocem
1084 561 1224 632 otoman-

163 678 209 742 tr's
223 671 266 739 'r'rt
284 673 417 757 desorto:
441 686 570 758 nempe
591 665 709 766 ἰΙΙῇυε,
725 663 784 831 {ui
794 663 898 760 flabat
915 666 953 738 (9
972 662 1144 732 csootobott
1169 663 1224 730 St'·

164 775 237 868 quis
253 770 350 866 fito,
376 773 491 838 veniat
513 767 554 835 od
578 789 652 856 me,
674 765 712 839 (5
754 765 840 833 ibot:
874 762 1029 836 dicendo
1056 762 1089 833 &
1114 759 1222 848 iilud:

165 875 313 963 Dirigito
326 874 414 940 viam
436 870 590 951 nummo,
615 861 713 936 rufior
729 864 831 955 facito
841 864 970 950 sortitor
988 869 1066 962 rjus.
1109 866 1224 940 Ornm‘r

163 971 259 1042 uallis
278 970 475 1066 implebitur,
500 969 539 1042 tu*
555 969 658 1034 omnir
672 987 780 1050 mons,
806 962 844 1039 ὅ
860 965 943 1034 rosis
959 967 1104 1036 reddetur
1118 965 1225 1033 sturni·

161 1074 225 1157 lr's,
253 1071 291 1147 U
316 1087 411 1141 erunt
437 1073 543 1138 omnio
564 1067 689 1158 obliquo
714 1070 751 1134 iu
769 1071 859 1136 oium
876 1063 1003 1140 rossum.
1054 1063 1108 1138 Ut
1126 1065 1224 1137 enim

161 1169 333 1262 seriptum
352 1166 402 1246 est
417 1169 454 1242 in
472 1166 607 1242 Exodo
624 1164 721 1238 Most
742 1186 760 1236 a
782 1164 863 1237 Deo
887 1164 977 1237 dici:
1012 1164 1089 1236 Ecce
1104 1169 1174 1236 deor·
1194 1182 1226 1236 te

165 1276 280 1343 Deum·
290 1271 463 1354 Pharaoni,
481 1268 520 1343 (5
536 1272 646 1338 Aaron
658 1266 770 1356 frater
788 1283 865 1334 tuus
882 1273 946 1337 trit
962 1284 1038 1337 tuus
1059 1271 1226 1365 Propheta,

161 1372 211 1445 stc
234 1368 503 1465 intelligendum
530 1364 582 1440 est
609 1365 645 1440 in
669 1365 723 1438 his
748 1367 925 1439 rationem
953 1371 1159 1464 quamdam,
1192 1359 1228 1445 ἃ

165 1471 362 1566 anaiogiam
382 1466 453 1541 effe
473 1467 621 1561 Joannis
643 1465 685 1538 ad
702 1464 911 1538 Sermonem
928 1468 1071 1560 Deum,
1099 1477 1159 1564 qui
1177 1465 1229 1549 est

165 1573 204 1644 in
224 1570 421 1662 principio,
446 1565 578 1640 etiamst
593 1566 831 1655 undequaque
846 1565 1037 1641 similitudo
1054 1591 1130 1646 non
1144 1596 1228 1665 qua·

167 1670 257 1742 dr-et.
307 1669 398 1741 Vox
415 1670 508 1739 enim
527 1663 796 1755 demonstrans,
819 1664 856 1736 -&
873 1668 923 1738 ob
942 1671 1070 1744 oculos
1084 1694 1227 1764 ponens

167 1769 379 1843 Sermonem
395 1770 514 1856 iilum,
533 1766 690 1858 Joannes
709 1778 797 1835 erat.
834 1767 1104 1859 Quamobrem
1122 1776 1229 1852 valde

169 1883 254 1964 apte
269 1889 347 1941 non
367 1868 434 1938 alia
456 1866 645 1958 punitione
662 1861 826 1956 plefiiitur
843 1863 1032 1940 Zacharias
1053 1877 1161 1963 (cum
1180 1876 1230 1948 di·

168 1969 273 2045 xisset
286 1965 451 2063 Ankelo:
478 1969 547 2057 Qui
560 1966 730 2055 cognoscum
749 1961 866 2057 rfllroc?
873 2001 875 2006 ·
887 1990 934 2057 ego
948 1976 1033 2036 enim
1045 1974 1111 2055 [um
1118 1975 1230 2068 senex,
1260 1987 1268 2010 ‘

169 2071 208 2147 (⁴5
224 2093 303 2139 uxor
318 2092 383 2164 mro
401 2064 638 2162 prouefiaejom
654 2059 792 2158 utatis)
815 2082 918 2152 quam
936 2069 1144 2157 privatione
1161 2095 1231 2148 vo.

170 2172 242 2262 eis,
270 2168 422 2259 eoquoo
436 2187 513 2239 non
531 2162 731 2257 credidisset
749 2164 845 2235 ortui
865 2169 969 2240 vocis
982 2169 1084 2260 Juxta
1101 2172 1234 2250 ditium
1272 2209 1273 2216 ¹

167 2269 350 2343 ‚Gabrielis
371 2263 562 2362 adipsum:
598 2263 758 2339 Ecco‘err's
778 2270 915 2350 tacitus,
941 2293 995 2339 nec
1007 2277 1123 2365 poteris
1145 2278 1232 2373 loqui

170 2372 211 2444 od
231 2395 297 2440 eum
314 2393 410 2464 usque
433 2369 529 2451 diem,
556 2390 615 2462 quo
640 2367 704 2435 huc
719 2368 829 2455 fiant,
856 2369 968 2465 eoquod
989 2394 1053 2441 rton
1079 2378 1235 2475 credidrflr‘

172 2473 277 2543 uerbis
300 2474 396 2549 meis,
421 2492 488 2562 quo
510 2468 721 2559 implebuntur
748 2482 878 2558 tempore
895 2470 963 2555 suo.
1016 2460 1088 2545 Hic
1111 2477 1233 2570 itaque

172 2571 362 2661 Zacharias
386 2588 466 2640 cum
493 2564 669 2658 postulata
692 2565 861 2641 tabellula
887 2566 1067 2663 scripsisset
1090 2576 1234 2652 dicens:

177 2676 325 2768 Joonrtos
341 2668 380 2762 esi
396 2691 506 2736 nomen
520 2671 606 2762 ejus,
635 2666 673 2741 (5
692 2671 806 2734 mirati
824 2664 967 2743 fuissent
982 2695 1108 2765 omnes,
1134 2697 1236 2751 rece.

173 2773 227 2868 pit
249 2789 399 2841 vocem:
427 2770 578 2863 Apertum
603 2760 649 2863 efl
665 2766 758 2838 enim
788 2766 872 2837 illito
892 2794 924 2840 os
949 2774 1037 2867 ojus,
1065 2775 1103 2848 (ς
1122 2776 1236 2870 lingua

173 2876 261 2968 ejus,
287 2870 324 2945 (5
342 2867 521 2965 loquebatur
542 2866 718 2939 benedicens
742 2868 857 2942 Deum.
872 2858 880 2887 '⁵
907 2868 964 2941 ¹Ut
985 2885 1102 2947 tutem
1122 2876 1237 2971 dispu-

174 2984 293 3044 tantes
313 2989 467 3061 quonam
483 2964 589 3060 pasto
606 2966 879 3060 intelligendum
900 2967 1008 3062 esset,
1023 2971 1235 3051 Sermonem

174 3070 246 3146 effe
268 3067 339 3143 Dei
362 3065 497 3156 filium,
521 3066 782 3140 declaravimus
804 3086 882 3159 quae
898 3068 936 3143 in
952 3085 1110 3147 mentem
1126 3098 1245 3151 vene··

173 3184 284 3262 tunt,
309 3168 357 3245 sre
375 3168 478 3259 juxta
501 3169 785 3267 cooperientem
807 3166 1122 3270 consequentiam,
1148 3199 1239 3270 quo·

175 3273 269 3345 niam
287 3273 433 3367 Joomres
447 3272 541 3363 uouit
555 3268 596 3335 od
614 3264 857 3361 testificandum,
884 3268 972 3341 homo
991 3270 1097 3366 rmffirs
1119 3303 1138 3346 o
1156 3283 1242 3367 Deo,

177 3390 214 3443 ut
231 3371 446 3466 testificaretur
464 3369 498 3435 de
515 3368 601 3454 luet,
630 3382 669 3437 ut
686 3372 788 3437 urrines
804 3370 966 3441 crederent
978 3393 1035 3467 por
1050 3377 1167 3469 ipsum,
1184 3379 1237 3471 ip.

177 3472 337 3567 religare
353 3467 524 3555 debemus
543 3466 718 3571 Joaimem
736 3488 868 3543 vocem
883 3468 968 3563 esse,
995 3493 1072 3564 quae
1091 3473 1165 3552 sola
1183 3500 1239 3553 ca·

177 3593 263 3667 pere
284 3570 400 3643 valeat
420 3565 628 3640 Sermonem
649 3570 898 3644 annuntiatum
908 3591 923 3642 :-
951 3571 1239 3672 potissimumque

178 3677 258 3771 hoc,
273 3669 533 3763 intelligemus,
562 3666 583 3739 sr
603 3669 775 3741 memoria
802 3683 1031 3764 repetemus,
1059 3696 1136 3768 que
1155 3694 1240 3754 ante

174 3769 432 3870 proposuimus
450 3780 654 3849 enarrantes
671 3788 714 3840 ea
732 3769 861 3841 verba:
896 3774 940 3841 Ut
958 3797 1059 3846 ormo
1080 3781 1240 3855 crederent

175 3875 361 3975 peripsum,
386 3869 423 3940 in
442 3888 487 3939 eo
504 3867 611 3939 loco:
641 3870 707 3965 Hic
728 3868 768 3963 usi
784 3859 820 3938 'de
837 3872 1059 3969 quoscri'ptum
1076 3877 1135 3974 rfi:
1161 3881 1240 3951 Ecce

182 4002 230 4069 ego
245 3980 337 4042 mitto
353 3969 504 4060 Angelum
524 3992 622 4036 meum
636 3984 714 4038 orate
728 3969 955 4060 latiomorum,
982 3980 1038 4067 qui
1050 3980 1240 4069 praeparabit
1255 4032 1260 4042 .

176 4076 272 4149 'uiam
285 4072 460 4147 tramonst
472 4063 512 4146 tr.
546 4067 641 4146 lllud
657 4069 770 4147 etiam
786 4074 960 4172 egregie,
973 4076 1083 4163 quon
1091 4092 1183 4142 non
1194 4076 1274 4226 {se

1151 4178 1158 4195 ¹
1227 4179 1254 4223 ἓ,
