<?xml version="1.0" encoding="UTF-8"?>
<!DOCTYPE html PUBLIC "-//W3C//DTD XHTML 1.0 Transitional//EN"
    "http://www.w3.org/TR/xhtml1/DTD/xhtml1-transitional.dtd">
<html xmlns="http://www.w3.org/1999/xhtml" xml:lang="en" lang="en">
 <head>
  <title>
</title>
<meta http-equiv="Content-Type" content="text/html;charset=utf-8" />
  <meta name='ocr-system' content='tesseract 3.04.00' />
  <meta name='ocr-capabilities' content='ocr_page ocr_carea ocr_par ocr_line ocrx_word'/>
</head>
<body>
  <div class='ocr_page' id='page_1' title='image "./operaomniasanct07unkngoog_0269.png"; bbox 0 0 2817 4575; ppageno 0'>
   <div class='ocr_carea' id='block_1_1' title="bbox 125 301 1283 624">
    <p class='ocr_par' dir='ltr' id='par_1_1' title="bbox 125 301 1283 624">
     <span class='ocr_line' id='line_1_1' title="bbox 157 301 1283 470; baseline -0.002 -20"><span class='ocrx_word' id='word_1_1' title='bbox 157 405 165 412; x_wconf 94' lang='lat'><em>-</em></span> <span class='ocrx_word' id='word_1_2' title='bbox 300 369 367 449; x_wconf 80' lang='lat' dir='ltr'>ru</span> <span class='ocrx_word' id='word_1_3' title='bbox 400 301 699 470; x_wconf 77' lang='lat' dir='ltr'>Juanurtu</span> <span class='ocrx_word' id='word_1_4' title='bbox 733 341 943 441; x_wconf 80' lang='lat' dir='ltr'>aomos</span> <span class='ocrx_word' id='word_1_5' title='bbox 983 359 1033 444; x_wconf 89' lang='lat'>11.</span> <span class='ocrx_word' id='word_1_6' title='bbox 1117 385 1186 468; x_wconf 77' lang='lat'>191</span> <span class='ocrx_word' id='word_1_7' title='bbox 1280 357 1283 368; x_wconf 86' lang='grc'><em>·</em></span> 
     </span>
     <span class='ocr_line' id='line_1_2' title="bbox 125 504 1190 624; baseline -0.004 -10"><span class='ocrx_word' id='word_1_8' title='bbox 125 537 198 614; x_wconf 81' lang='lat' dir='ltr'>Sed</span> <span class='ocrx_word' id='word_1_9' title='bbox 211 533 259 611; x_wconf 83' lang='lat' dir='ltr'>stc</span> <span class='ocrx_word' id='word_1_10' title='bbox 275 533 488 609; x_wconf 81' lang='lat' dir='ltr'>solvendum</span> <span class='ocrx_word' id='word_1_11' title='bbox 501 530 556 606; x_wconf 82' lang='lat' dir='ltr'>cst</span> <span class='ocrx_word' id='word_1_12' title='bbox 569 504 736 617; x_wconf 81' lang='lat' dir='ltr'>dubium3</span> <span class='ocrx_word' id='word_1_13' title='bbox 763 526 888 621; x_wconf 78' lang='lat' dir='ltr'>siquid</span> <span class='ocrx_word' id='word_1_14' title='bbox 901 533 1100 624; x_wconf 88' lang='lat' dir='ltr'>aliquorum</span> <span class='ocrx_word' id='word_1_15' title='bbox 1118 531 1190 609; x_wconf 85' lang='lat' dir='ltr'>eli&#39;c&#39;</span> 
     </span>
    </p>
   </div>
   <div class='ocr_carea' id='block_1_2' title="bbox 126 627 1299 1032">
    <p class='ocr_par' dir='ltr' id='par_1_2' title="bbox 126 627 1299 1032">
     <span class='ocr_line' id='line_1_3' title="bbox 127 627 1299 728; baseline -0.002 -17"><span class='ocrx_word' id='word_1_16' title='bbox 127 640 290 728; x_wconf 87' lang='lat' dir='ltr'>dicatur,</span> <span class='ocrx_word' id='word_1_17' title='bbox 316 656 390 708; x_wconf 90' lang='lat' dir='ltr'>non</span> <span class='ocrx_word' id='word_1_18' title='bbox 408 627 589 728; x_wconf 78' lang='lat' dir='ltr'>continuo</span> <span class='ocrx_word' id='word_1_19' title='bbox 603 632 690 705; x_wconf 90' lang='lat' dir='ltr'>illud</span> <span class='ocrx_word' id='word_1_20' title='bbox 711 629 971 722; x_wconf 74' lang='lat' dir='ltr'>ademimus,</span> <span class='ocrx_word' id='word_1_21' title='bbox 997 627 1188 725; x_wconf 74' lang='lat' dir='ltr'>dequibus</span> <span class='ocrx_word' id='word_1_22' title='bbox 1293 697 1299 722; x_wconf 83' lang='grc'>,</span> 
     </span>
     <span class='ocr_line' id='line_1_4' title="bbox 126 729 1290 826; baseline -0.005 -15"><span class='ocrx_word' id='word_1_23' title='bbox 126 740 163 811; x_wconf 92' lang='lat' dir='ltr'>id</span> <span class='ocrx_word' id='word_1_24' title='bbox 182 738 333 826; x_wconf 88' lang='lat' dir='ltr'>dicitur,</span> <span class='ocrx_word' id='word_1_25' title='bbox 359 734 551 826; x_wconf 87' lang='lat' dir='ltr'>pertinere.</span> <span class='ocrx_word' id='word_1_26' title='bbox 603 731 663 804; x_wconf 88' lang='lat' dir='ltr'>Sic</span> <span class='ocrx_word' id='word_1_27' title='bbox 684 729 790 826; x_wconf 85' lang='lat' dir='ltr'>igitur</span> <span class='ocrx_word' id='word_1_28' title='bbox 812 732 928 806; x_wconf 77' lang='lat' dir='ltr'>nonii</span> <span class='ocrx_word' id='word_1_29' title='bbox 950 734 1026 807; x_wconf 87' lang='lat' dir='ltr'>vita</span> <span class='ocrx_word' id='word_1_30' title='bbox 1045 737 1105 808; x_wconf 84' lang='lat' dir='ltr'>lux</span> <span class='ocrx_word' id='word_1_31' title='bbox 1122 737 1190 810; x_wconf 85' lang='lat' dir='ltr'>ho·</span> <span class='ocrx_word' id='word_1_32' title='bbox 1283 775 1290 782; x_wconf 92' lang='lat'>·</span> 
     </span>
     <span class='ocr_line' id='line_1_5' title="bbox 127 830 1294 928; baseline -0.003 -16"><span class='ocrx_word' id='word_1_33' title='bbox 127 831 267 913; x_wconf 85' lang='lat' dir='ltr'>minum</span> <span class='ocrx_word' id='word_1_34' title='bbox 287 834 439 926; x_wconf 85' lang='lat' dir='ltr'>dicitur,</span> <span class='ocrx_word' id='word_1_35' title='bbox 466 835 651 907; x_wconf 89' lang='lat' dir='ltr'>hominum</span> <span class='ocrx_word' id='word_1_36' title='bbox 678 844 816 903; x_wconf 88' lang='lat' dir='ltr'>tantum</span> <span class='ocrx_word' id='word_1_37' title='bbox 844 830 895 903; x_wconf 91' lang='lat' dir='ltr'>est</span> <span class='ocrx_word' id='word_1_38' title='bbox 919 836 990 904; x_wconf 84' lang='lat' dir='ltr'>lux.</span> <span class='ocrx_word' id='word_1_39' title='bbox 1041 832 1191 928; x_wconf 87' lang='lat' dir='ltr'>Poterat</span> <span class='ocrx_word' id='word_1_40' title='bbox 1230 845 1232 850; x_wconf 83' lang='lat'>&#39;</span> <span class='ocrx_word' id='word_1_41' title='bbox 1291 915 1294 928; x_wconf 34' lang='grc'>1</span> 
     </span>
     <span class='ocr_line' id='line_1_6' title="bbox 130 927 1192 1032; baseline -0.006 -21"><span class='ocrx_word' id='word_1_42' title='bbox 130 939 224 1012; x_wconf 90' lang='lat' dir='ltr'>enirn</span> <span class='ocrx_word' id='word_1_43' title='bbox 244 934 338 1027; x_wconf 88' lang='lat' dir='ltr'>addi,</span> <span class='ocrx_word' id='word_1_44' title='bbox 354 934 429 1006; x_wconf 90' lang='lat' dir='ltr'>vita</span> <span class='ocrx_word' id='word_1_45' title='bbox 447 949 523 1006; x_wconf 90' lang='lat' dir='ltr'>erat</span> <span class='ocrx_word' id='word_1_46' title='bbox 539 933 723 1006; x_wconf 90' lang='lat' dir='ltr'>hominum</span> <span class='ocrx_word' id='word_1_47' title='bbox 735 942 873 1003; x_wconf 90' lang='lat' dir='ltr'>tantum</span> <span class='ocrx_word' id='word_1_48' title='bbox 891 934 973 1007; x_wconf 87' lang='lat' dir='ltr'>lux:</span> <span class='ocrx_word' id='word_1_49' title='bbox 999 928 1076 1007; x_wconf 86' lang='lat' dir='ltr'>fieri</span> <span class='ocrx_word' id='word_1_50' title='bbox 1094 927 1192 1032; x_wconf 81' lang='lat' dir='ltr'>enim</span> 
     </span>
    </p>
   </div>
   <div class='ocr_carea' id='block_1_3' title="bbox 85 1033 1191 1131">
    <p class='ocr_par' dir='ltr' id='par_1_3' title="bbox 85 1033 1191 1131">
     <span class='ocr_line' id='line_1_7' title="bbox 85 1033 1191 1131; baseline -0.015 -20"><span class='ocrx_word' id='word_1_51' title='bbox 85 1064 92 1075; x_wconf 93' lang='lat'><em>·</em></span> <span class='ocrx_word' id='word_1_52' title='bbox 130 1033 253 1131; x_wconf 85' lang='lat' dir='ltr'>potest</span> <span class='ocrx_word' id='word_1_53' title='bbox 263 1037 275 1113; x_wconf 74' lang='lat'>3</span> <span class='ocrx_word' id='word_1_54' title='bbox 300 1051 341 1106; x_wconf 91' lang='lat' dir='ltr'>ut</span> <span class='ocrx_word' id='word_1_55' title='bbox 367 1036 427 1106; x_wconf 84' lang='lat' dir='ltr'>lux</span> <span class='ocrx_word' id='word_1_56' title='bbox 450 1033 659 1122; x_wconf 89' lang='lat' dir='ltr'>hominum,</span> <span class='ocrx_word' id='word_1_57' title='bbox 687 1033 1022 1123; x_wconf 88' lang='lat' dir='ltr'>aliorumquoque,</span> <span class='ocrx_word' id='word_1_58' title='bbox 1048 1049 1191 1128; x_wconf 79' lang='lat' dir='ltr'>preter.</span> 
     </span>
    </p>
   </div>
   <div class='ocr_carea' id='block_1_4' title="bbox 129 1130 1293 2924">
    <p class='ocr_par' dir='ltr' id='par_1_4' title="bbox 129 1130 1238 2524">
     <span class='ocr_line' id='line_1_8' title="bbox 129 1130 1190 1228; baseline 0.001 -21"><span class='ocrx_word' id='word_1_59' title='bbox 129 1156 237 1228; x_wconf 87' lang='lat' dir='ltr'>quam</span> <span class='ocrx_word' id='word_1_60' title='bbox 258 1134 444 1208; x_wconf 90' lang='lat' dir='ltr'>hominum</span> <span class='ocrx_word' id='word_1_61' title='bbox 463 1133 504 1207; x_wconf 83' lang='lat' dir='ltr'>sit</span> <span class='ocrx_word' id='word_1_62' title='bbox 519 1134 606 1219; x_wconf 84' lang='lat' dir='ltr'>lux,</span> <span class='ocrx_word' id='word_1_63' title='bbox 632 1130 779 1223; x_wconf 81' lang='lat' dir='ltr'>perinde</span> <span class='ocrx_word' id='word_1_64' title='bbox 798 1145 904 1220; x_wconf 91' lang='lat' dir='ltr'>atque</span> <span class='ocrx_word' id='word_1_65' title='bbox 926 1153 1008 1205; x_wconf 93' lang='lat' dir='ltr'>cum</span> <span class='ocrx_word' id='word_1_66' title='bbox 1028 1136 1190 1220; x_wconf 82' lang='lat' dir='ltr'>animalia</span> 
     </span>
     <span class='ocr_line' id='line_1_9' title="bbox 130 1228 1192 1328; baseline -0.001 -20"><span class='ocrx_word' id='word_1_67' title='bbox 130 1228 305 1328; x_wconf 77' lang='lat' dir='ltr'>quedam,</span> <span class='ocrx_word' id='word_1_68' title='bbox 323 1232 356 1304; x_wconf 75' lang='lat' dir='ltr'>tt</span> <span class='ocrx_word' id='word_1_69' title='bbox 375 1234 503 1327; x_wconf 83' lang='lat' dir='ltr'>plante</span> <span class='ocrx_word' id='word_1_70' title='bbox 515 1232 719 1319; x_wconf 79' lang='lat' dir='ltr'>hominibus</span> <span class='ocrx_word' id='word_1_71' title='bbox 739 1229 965 1323; x_wconf 81' lang='lat' dir='ltr'><strong>suppeditant</strong></span> <span class='ocrx_word' id='word_1_72' title='bbox 985 1234 1081 1306; x_wconf 89' lang='lat' dir='ltr'>unde</span> <span class='ocrx_word' id='word_1_73' title='bbox 1097 1236 1192 1307; x_wconf 87' lang='lat' dir='ltr'>alan·</span> 
     </span>
     <span class='ocr_line' id='line_1_10' title="bbox 130 1330 1193 1428; baseline -0.004 -18"><span class='ocrx_word' id='word_1_74' title='bbox 130 1353 214 1428; x_wconf 86' lang='lat' dir='ltr'>tur,</span> <span class='ocrx_word' id='word_1_75' title='bbox 241 1347 359 1406; x_wconf 90' lang='lat' dir='ltr'>tamen</span> <span class='ocrx_word' id='word_1_76' title='bbox 385 1335 449 1405; x_wconf 90' lang='lat' dir='ltr'>alia</span> <span class='ocrx_word' id='word_1_77' title='bbox 475 1351 621 1425; x_wconf 91' lang='lat' dir='ltr'>quoque</span> <span class='ocrx_word' id='word_1_78' title='bbox 645 1345 773 1423; x_wconf 78' lang='lat' dir='ltr'>preter</span> <span class='ocrx_word' id='word_1_79' title='bbox 801 1332 966 1405; x_wconf 88' lang='lat' dir='ltr'>homines</span> <span class='ocrx_word' id='word_1_80' title='bbox 994 1335 1088 1406; x_wconf 87' lang='lat' dir='ltr'>alere</span> <span class='ocrx_word' id='word_1_81' title='bbox 1113 1330 1193 1426; x_wconf 90' lang='lat' dir='ltr'>pos·</span> 
     </span>
     <span class='ocr_line' id='line_1_11' title="bbox 129 1430 1193 1526; baseline -0.003 -17"><span class='ocrx_word' id='word_1_82' title='bbox 129 1434 222 1510; x_wconf 89' lang='lat' dir='ltr'>sunt.</span> <span class='ocrx_word' id='word_1_83' title='bbox 275 1432 360 1506; x_wconf 90' lang='lat' dir='ltr'>Hoc</span> <span class='ocrx_word' id='word_1_84' title='bbox 378 1446 496 1506; x_wconf 89' lang='lat' dir='ltr'>autem</span> <span class='ocrx_word' id='word_1_85' title='bbox 518 1432 720 1523; x_wconf 82' lang='lat' dir='ltr'>exemplum</span> <span class='ocrx_word' id='word_1_86' title='bbox 737 1452 781 1501; x_wconf 84' lang='lat' dir='ltr'>ex</span> <span class='ocrx_word' id='word_1_87' title='bbox 801 1431 1058 1505; x_wconf 87' lang='lat' dir='ltr'>consuetudine</span> <span class='ocrx_word' id='word_1_88' title='bbox 1079 1430 1193 1526; x_wconf 78' lang='lat' dir='ltr'>sump-</span> 
     </span>
     <span class='ocr_line' id='line_1_12' title="bbox 131 1530 1193 1627; baseline -0.003 -20"><span class='ocrx_word' id='word_1_89' title='bbox 131 1550 207 1607; x_wconf 89' lang='lat' dir='ltr'>tum</span> <span class='ocrx_word' id='word_1_90' title='bbox 228 1531 290 1608; x_wconf 87' lang='lat' dir='ltr'>est.</span> <span class='ocrx_word' id='word_1_91' title='bbox 342 1531 479 1605; x_wconf 90' lang='lat' dir='ltr'>Verum</span> <span class='ocrx_word' id='word_1_92' title='bbox 501 1533 688 1603; x_wconf 81' lang='lat' dir='ltr'>enimvero</span> <span class='ocrx_word' id='word_1_93' title='bbox 708 1531 850 1624; x_wconf 87' lang='lat' dir='ltr'>dignum</span> <span class='ocrx_word' id='word_1_94' title='bbox 870 1530 942 1624; x_wconf 87' lang='lat' dir='ltr'>est,</span> <span class='ocrx_word' id='word_1_95' title='bbox 969 1548 1008 1605; x_wconf 92' lang='lat' dir='ltr'>ut</span> <span class='ocrx_word' id='word_1_96' title='bbox 1031 1553 1052 1605; x_wconf 91' lang='lat' dir='ltr'>e</span> <span class='ocrx_word' id='word_1_97' title='bbox 1075 1531 1193 1627; x_wconf 89' lang='lat' dir='ltr'>Scrip-</span> 
     </span>
     <span class='ocr_line' id='line_1_13' title="bbox 130 1629 1193 1725; baseline -0.002 -19"><span class='ocrx_word' id='word_1_98' title='bbox 130 1635 219 1707; x_wconf 82' lang='lat' dir='ltr'>turis</span> <span class='ocrx_word' id='word_1_99' title='bbox 244 1632 313 1704; x_wconf 89' lang='lat' dir='ltr'>Dei</span> <span class='ocrx_word' id='word_1_100' title='bbox 339 1629 460 1725; x_wconf 88' lang='lat' dir='ltr'>spiritu</span> <span class='ocrx_word' id='word_1_101' title='bbox 485 1631 657 1722; x_wconf 88' lang='lat' dir='ltr'>proditis,</span> <span class='ocrx_word' id='word_1_102' title='bbox 683 1629 792 1703; x_wconf 79' lang='lat' dir='ltr'>simile</span> <span class='ocrx_word' id='word_1_103' title='bbox 815 1631 1054 1704; x_wconf 83' lang='lat' dir='ltr'>conferamus.</span> <span class='ocrx_word' id='word_1_104' title='bbox 1109 1636 1193 1704; x_wconf 80' lang='lat' dir='ltr'>l’ro·</span> 
     </span>
     <span class='ocr_line' id='line_1_14' title="bbox 130 1729 1194 1823; baseline -0.002 -16"><span class='ocrx_word' id='word_1_105' title='bbox 130 1735 216 1806; x_wconf 89' lang='lat' dir='ltr'>inde</span> <span class='ocrx_word' id='word_1_106' title='bbox 239 1732 312 1805; x_wconf 91' lang='lat' dir='ltr'>hoc</span> <span class='ocrx_word' id='word_1_107' title='bbox 331 1732 368 1802; x_wconf 89' lang='lat' dir='ltr'>in</span> <span class='ocrx_word' id='word_1_108' title='bbox 393 1734 479 1802; x_wconf 90' lang='lat' dir='ltr'>loco</span> <span class='ocrx_word' id='word_1_109' title='bbox 502 1729 729 1820; x_wconf 82' lang='lat' dir='ltr'>inquirimus,</span> <span class='ocrx_word' id='word_1_110' title='bbox 755 1749 839 1804; x_wconf 90' lang='lat' dir='ltr'>num</span> <span class='ocrx_word' id='word_1_111' title='bbox 858 1731 1052 1823; x_wconf 92' lang='lat' dir='ltr'>quidquam</span> <span class='ocrx_word' id='word_1_112' title='bbox 1071 1731 1194 1823; x_wconf 88' lang='lat' dir='ltr'>prohi-</span> 
     </span>
     <span class='ocr_line' id='line_1_15' title="bbox 131 1827 1194 1914; baseline -0.002 -8"><span class='ocrx_word' id='word_1_113' title='bbox 131 1836 240 1914; x_wconf 86' lang='lat' dir='ltr'>beat,</span> <span class='ocrx_word' id='word_1_114' title='bbox 266 1832 382 1903; x_wconf 86' lang='lat' dir='ltr'>lucem</span> <span class='ocrx_word' id='word_1_115' title='bbox 405 1830 589 1902; x_wconf 89' lang='lat' dir='ltr'>hominum</span> <span class='ocrx_word' id='word_1_116' title='bbox 606 1827 675 1901; x_wconf 82' lang='lat' dir='ltr'>else</span> <span class='ocrx_word' id='word_1_117' title='bbox 689 1832 795 1902; x_wconf 88' lang='lat' dir='ltr'>etiam</span> <span class='ocrx_word' id='word_1_118' title='bbox 811 1832 927 1904; x_wconf 86' lang='lat' dir='ltr'>lucem</span> <span class='ocrx_word' id='word_1_119' title='bbox 944 1833 1113 1907; x_wconf 82' lang='lat' dir='ltr'>aliorum:</span> <span class='ocrx_word' id='word_1_120' title='bbox 1142 1831 1194 1904; x_wconf 91' lang='lat' dir='ltr'>di·</span> 
     </span>
     <span class='ocr_line' id='line_1_16' title="bbox 134 1929 1194 2024; baseline 0 -18"><span class='ocrx_word' id='word_1_121' title='bbox 134 1948 285 2022; x_wconf 82' lang='lat' dir='ltr'>centes,</span> <span class='ocrx_word' id='word_1_122' title='bbox 311 1944 505 2024; x_wconf 88' lang='lat' dir='ltr'>propterea</span> <span class='ocrx_word' id='word_1_123' title='bbox 532 1929 630 2019; x_wconf 91' lang='lat' dir='ltr'>quod</span> <span class='ocrx_word' id='word_1_124' title='bbox 660 1930 799 2000; x_wconf 90' lang='lat' dir='ltr'>dicatur</span> <span class='ocrx_word' id='word_1_125' title='bbox 823 1932 880 2000; x_wconf 81' lang='lat' dir='ltr'>lux</span> <span class='ocrx_word' id='word_1_126' title='bbox 906 1930 1089 2017; x_wconf 76' lang='lat' dir='ltr'>hominum,</span> <span class='ocrx_word' id='word_1_127' title='bbox 1115 1951 1194 2006; x_wconf 88' lang='lat' dir='ltr'>non</span> 
     </span>
     <span class='ocr_line' id='line_1_17' title="bbox 132 2029 1192 2135; baseline -0.002 -31"><span class='ocrx_word' id='word_1_128' title='bbox 132 2032 203 2135; x_wconf 88' lang='lat' dir='ltr'>jam</span> <span class='ocrx_word' id='word_1_129' title='bbox 232 2029 315 2116; x_wconf 80' lang='lat' dir='ltr'>ide&#39;o</span> <span class='ocrx_word' id='word_1_130' title='bbox 344 2029 485 2102; x_wconf 87' lang='lat' dir='ltr'>excludi</span> <span class='ocrx_word' id='word_1_131' title='bbox 515 2031 666 2101; x_wconf 87' lang='lat' dir='ltr'>aliorum</span> <span class='ocrx_word' id='word_1_132' title='bbox 696 2049 841 2120; x_wconf 88' lang='lat' dir='ltr'>quoque</span> <span class='ocrx_word' id='word_1_133' title='bbox 871 2031 1073 2104; x_wconf 83' lang='lat' dir='ltr'>hominibus</span> <span class='ocrx_word' id='word_1_134' title='bbox 1103 2050 1192 2124; x_wconf 82' lang='lat' dir='ltr'>prae-</span> 
     </span>
     <span class='ocr_line' id='line_1_18' title="bbox 133 2125 1193 2223; baseline -0.002 -18"><span class='ocrx_word' id='word_1_135' title='bbox 133 2133 364 2223; x_wconf 89' lang='lat' dir='ltr'>stantiorum,</span> <span class='ocrx_word' id='word_1_136' title='bbox 399 2129 458 2201; x_wconf 89' lang='lat' dir='ltr'>vel</span> <span class='ocrx_word' id='word_1_137' title='bbox 485 2127 688 2202; x_wconf 83' lang='lat' dir='ltr'>hominibus</span> <span class='ocrx_word' id='word_1_138' title='bbox 717 2125 897 2221; x_wconf 79' lang='lat' dir='ltr'>similium,</span> <span class='ocrx_word' id='word_1_139' title='bbox 930 2129 1043 2199; x_wconf 86' lang='lat' dir='ltr'>veluti</span> <span class='ocrx_word' id='word_1_140' title='bbox 1075 2130 1193 2204; x_wconf 89' lang='lat' dir='ltr'>lucem</span> 
     </span>
     <span class='ocr_line' id='line_1_19' title="bbox 135 2223 1196 2323; baseline -0.005 -15"><span class='ocrx_word' id='word_1_141' title='bbox 135 2229 215 2309; x_wconf 82' lang='lat' dir='ltr'>elie.</span> <span class='ocrx_word' id='word_1_142' title='bbox 250 2227 345 2303; x_wconf 84' lang='lat' dir='ltr'>Nam</span> <span class='ocrx_word' id='word_1_143' title='bbox 364 2247 444 2303; x_wconf 91' lang='lat' dir='ltr'>cum</span> <span class='ocrx_word' id='word_1_144' title='bbox 460 2223 705 2323; x_wconf 63' lang='lat' dir='ltr'>litf&#39;scriptum,</span> <span class='ocrx_word' id='word_1_145' title='bbox 725 2227 842 2303; x_wconf 88' lang='lat' dir='ltr'>Deum</span> <span class='ocrx_word' id='word_1_146' title='bbox 858 2226 927 2302; x_wconf 83' lang='lat' dir='ltr'>elle</span> <span class='ocrx_word' id='word_1_147' title='bbox 946 2228 1063 2302; x_wconf 91' lang='lat' dir='ltr'>Deum</span> <span class='ocrx_word' id='word_1_148' title='bbox 1080 2228 1196 2303; x_wconf 85' lang='lat' dir='ltr'>Abra·</span> 
     </span>
     <span class='ocr_line' id='line_1_20' title="bbox 135 2322 1238 2426; baseline 0 -19"><span class='ocrx_word' id='word_1_149' title='bbox 135 2333 240 2422; x_wconf 88' lang='lat' dir='ltr'>ham,</span> <span class='ocrx_word' id='word_1_150' title='bbox 267 2327 437 2403; x_wconf 82' lang='lat' dir='ltr'>&amp;Deum</span> <span class='ocrx_word' id='word_1_151' title='bbox 451 2326 566 2423; x_wconf 83' lang='lat' dir='ltr'>llaac,</span> <span class='ocrx_word' id='word_1_152' title='bbox 593 2322 912 2426; x_wconf 77' lang='lat' dir='ltr'>&amp;Deum&#39;Jacob,</span> <span class='ocrx_word' id='word_1_153' title='bbox 943 2329 1002 2420; x_wconf 90' lang='lat' dir='ltr'>qui</span> <span class='ocrx_word' id='word_1_154' title='bbox 1019 2329 1195 2424; x_wconf 87' lang='lat' dir='ltr'>voluerit,</span> <span class='ocrx_word' id='word_1_155' title='bbox 1236 2402 1238 2407; x_wconf 86' lang='lat'><em>.</em></span> 
     </span>
     <span class='ocr_line' id='line_1_21' title="bbox 135 2427 1197 2524; baseline -0.014 -20"><span class='ocrx_word' id='word_1_156' title='bbox 135 2432 218 2524; x_wconf 78' lang='lat' dir='ltr'>quia¹</span> <span class='ocrx_word' id='word_1_157' title='bbox 237 2427 366 2501; x_wconf 52' lang='lat' dir='ltr'>ditium</span> <span class='ocrx_word' id='word_1_158' title='bbox 384 2428 445 2519; x_wconf 83' lang='lat' dir='ltr'>stt,</span> <span class='ocrx_word' id='word_1_159' title='bbox 470 2435 625 2499; x_wconf 78' lang='lat' dir='ltr'>viruerat</span> <span class='ocrx_word' id='word_1_160' title='bbox 642 2429 701 2497; x_wconf 78' lang='lat' dir='ltr'>lux</span> <span class='ocrx_word' id='word_1_161' title='bbox 718 2430 900 2516; x_wconf 76' lang='lat' dir='ltr'>hominum,</span> <span class='ocrx_word' id='word_1_162' title='bbox 927 2430 1101 2505; x_wconf 77' lang='lat' dir='ltr'>lucem-ad</span> <span class='ocrx_word' id='word_1_163' title='bbox 1118 2429 1197 2503; x_wconf 83' lang='lat' dir='ltr'>nul.</span> 
     </span>
    </p>

    <p class='ocr_par' dir='ltr' id='par_1_5' title="bbox 134 2528 1196 2625">
     <span class='ocr_line' id='line_1_22' title="bbox 134 2528 1196 2625; baseline -0.002 -20"><span class='ocrx_word' id='word_1_164' title='bbox 134 2534 208 2605; x_wconf 86' lang='lat' dir='ltr'>lum</span> <span class='ocrx_word' id='word_1_165' title='bbox 228 2530 334 2625; x_wconf 72' lang='lat' dir='ltr'>aliurn</span> <span class='ocrx_word' id='word_1_166' title='bbox 351 2542 585 2620; x_wconf 78' lang='lat' dir='ltr'>preterquam</span> <span class='ocrx_word' id='word_1_167' title='bbox 603 2528 645 2600; x_wconf 89' lang='lat' dir='ltr'>ad</span> <span class='ocrx_word' id='word_1_168' title='bbox 667 2529 831 2601; x_wconf 86' lang='lat' dir='ltr'>homines</span> <span class='ocrx_word' id='word_1_169' title='bbox 854 2533 1053 2622; x_wconf 78' lang='lat' dir='ltr'>pertinere,</span> <span class='ocrx_word' id='word_1_170' title='bbox 1080 2528 1196 2615; x_wconf 80' lang='lat' dir='ltr'>existi-</span> 
     </span>
    </p>

    <p class='ocr_par' dir='ltr' id='par_1_6' title="bbox 136 2624 1293 2924">
     <span class='ocr_line' id='line_1_23' title="bbox 137 2624 1223 2723; baseline -0.004 -17"><span class='ocrx_word' id='word_1_171' title='bbox 137 2645 209 2707; x_wconf 85' lang='lat' dir='ltr'>met</span> <span class='ocrx_word' id='word_1_172' title='bbox 236 2624 388 2723; x_wconf 79' lang='lat' dir='ltr'>oportet</span> <span class='ocrx_word' id='word_1_173' title='bbox 418 2630 447 2699; x_wconf 85' lang='lat' dir='ltr'>is</span> <span class='ocrx_word' id='word_1_174' title='bbox 475 2631 549 2721; x_wconf 90' lang='lat' dir='ltr'>pari</span> <span class='ocrx_word' id='word_1_175' title='bbox 578 2626 716 2721; x_wconf 82' lang='lat' dir='ltr'>modo,</span> <span class='ocrx_word' id='word_1_176' title='bbox 751 2628 870 2701; x_wconf 91' lang='lat' dir='ltr'>Deum</span> <span class='ocrx_word' id='word_1_177' title='bbox 895 2631 1025 2702; x_wconf 86' lang='lat' dir='ltr'>nullius</span> <span class='ocrx_word' id='word_1_178' title='bbox 1048 2630 1223 2717; x_wconf 76' lang='lat' dir='ltr'>alterius¹</span> 
     </span>
     <span class='ocr_line' id='line_1_24' title="bbox 137 2725 1287 2822; baseline -0.002 -18"><span class='ocrx_word' id='word_1_179' title='bbox 137 2730 258 2803; x_wconf 87' lang='lat' dir='ltr'>Deum</span> <span class='ocrx_word' id='word_1_180' title='bbox 280 2725 370 2808; x_wconf 87' lang='lat' dir='ltr'>elle,</span> <span class='ocrx_word' id='word_1_181' title='bbox 395 2726 455 2800; x_wconf 82' lang='lat' dir='ltr'>nisi</span> <span class='ocrx_word' id='word_1_182' title='bbox 482 2741 619 2799; x_wconf 87' lang='lat' dir='ltr'>tantum</span> <span class='ocrx_word' id='word_1_183' title='bbox 641 2727 770 2798; x_wconf 90' lang='lat' dir='ltr'>horum</span> <span class='ocrx_word' id='word_1_184' title='bbox 793 2728 898 2801; x_wconf 91' lang='lat' dir='ltr'>trium</span> <span class='ocrx_word' id='word_1_185' title='bbox 919 2744 1070 2822; x_wconf 90' lang='lat' dir='ltr'>patrum.</span> <span class='ocrx_word' id='word_1_186' title='bbox 1121 2728 1197 2804; x_wconf 83' lang='lat' dir='ltr'>Vc·¹</span> <span class='ocrx_word' id='word_1_187' title='bbox 1282 2750 1287 2757; x_wconf 89' lang='lat'>·</span> 
     </span>
     <span class='ocr_line' id='line_1_25' title="bbox 136 2820 1293 2924; baseline -0.002 -21"><span class='ocrx_word' id='word_1_188' title='bbox 136 2848 213 2903; x_wconf 89' lang='lat' dir='ltr'>rum</span> <span class='ocrx_word' id='word_1_189' title='bbox 239 2829 318 2900; x_wconf 82' lang='lat' dir='ltr'>Eliae</span> <span class='ocrx_word' id='word_1_190' title='bbox 338 2824 503 2921; x_wconf 76' lang='lat' dir='ltr'>profetlo</span> <span class='ocrx_word' id='word_1_191' title='bbox 521 2827 627 2911; x_wconf 86' lang='lat' dir='ltr'>etiam</span> <span class='ocrx_word' id='word_1_192' title='bbox 643 2822 692 2897; x_wconf 88' lang='lat' dir='ltr'>cst</span> <span class='ocrx_word' id='word_1_193' title='bbox 710 2826 832 2915; x_wconf 74' lang='lat' dir='ltr'>Deus,</span> <span class='ocrx_word' id='word_1_194' title='bbox 860 2828 913 2919; x_wconf 73' lang='grc' dir='ltr'>ἃ,</span> <span class='ocrx_word' id='word_1_195' title='bbox 941 2844 981 2900; x_wconf 93' lang='lat' dir='ltr'>ut</span> <span class='ocrx_word' id='word_1_196' title='bbox 999 2830 1115 2919; x_wconf 92' lang='lat' dir='ltr'>inquit</span> <span class='ocrx_word' id='word_1_197' title='bbox 1133 2831 1196 2924; x_wconf 91' lang='lat' dir='ltr'>Ju-</span> <span class='ocrx_word' id='word_1_198' title='bbox 1287 2820 1293 2836; x_wconf 90' lang='lat'>&#39;</span> 
     </span>
    </p>
   </div>
   <div class='ocr_carea' id='block_1_5' title="bbox 85 2924 1199 3124">
    <p class='ocr_par' dir='ltr' id='par_1_7' title="bbox 85 2924 1199 3124">
     <span class='ocr_line' id='line_1_26' title="bbox 85 2924 1198 3020; baseline -0.002 -17"><span class='ocrx_word' id='word_1_199' title='bbox 85 2946 87 2955; x_wconf 85' lang='lat'>·</span> <span class='ocrx_word' id='word_1_200' title='bbox 140 2930 239 3008; x_wconf 83' lang='lat' dir='ltr'>dith,</span> <span class='ocrx_word' id='word_1_201' title='bbox 262 2924 434 3020; x_wconf 89' lang='lat' dir='ltr'>patrissui</span> <span class='ocrx_word' id='word_1_202' title='bbox 450 2925 628 3017; x_wconf 84' lang='lat' dir='ltr'>Symeon,</span> <span class='ocrx_word' id='word_1_203' title='bbox 647 2938 755 3015; x_wconf 87' lang='lat' dir='ltr'>atque</span> <span class='ocrx_word' id='word_1_204' title='bbox 773 2928 878 2999; x_wconf 92' lang='lat' dir='ltr'>etiam</span> <span class='ocrx_word' id='word_1_205' title='bbox 894 2928 1129 3003; x_wconf 79' lang='lat' dir='ltr'>Hebraeorum</span> <span class='ocrx_word' id='word_1_206' title='bbox 1144 2925 1198 3002; x_wconf 86' lang='lat' dir='ltr'>est·</span> 
     </span>
     <span class='ocr_line' id='line_1_27' title="bbox 85 3025 1199 3124; baseline -0.003 -18"><span class='ocrx_word' id='word_1_207' title='bbox 85 3042 87 3107; x_wconf 78' lang='grc' dir='ltr'>ἱ</span> <span class='ocrx_word' id='word_1_208' title='bbox 112 3057 115 3062; x_wconf 64' lang='grc'><em>’</em></span> <span class='ocrx_word' id='word_1_209' title='bbox 141 3027 253 3101; x_wconf 82' lang='lat' dir='ltr'>Deus.</span> <span class='ocrx_word' id='word_1_210' title='bbox 307 3029 424 3124; x_wconf 83' lang='lat' dir='ltr'>Quam</span> <span class='ocrx_word' id='word_1_211' title='bbox 443 3028 491 3098; x_wconf 89' lang='lat' dir='ltr'>ob</span> <span class='ocrx_word' id='word_1_212' title='bbox 516 3046 591 3099; x_wconf 86' lang='lat' dir='ltr'>rem</span> <span class='ocrx_word' id='word_1_213' title='bbox 611 3025 635 3098; x_wconf 91' lang='lat' dir='ltr'>li</span> <span class='ocrx_word' id='word_1_214' title='bbox 658 3025 746 3096; x_wconf 86' lang='lat' dir='ltr'>nihil</span> <span class='ocrx_word' id='word_1_215' title='bbox 774 3027 945 3116; x_wconf 90' lang='lat' dir='ltr'>prohibet</span> <span class='ocrx_word' id='word_1_216' title='bbox 969 3028 1092 3103; x_wconf 63' lang='lat' dir='ltr'>Deum*</span> <span class='ocrx_word' id='word_1_217' title='bbox 1108 3032 1199 3103; x_wconf 86' lang='lat' dir='ltr'>alio·</span> 
     </span>
    </p>
   </div>
   <div class='ocr_carea' id='block_1_6' title="bbox 140 3122 1313 3325">
    <p class='ocr_par' dir='ltr' id='par_1_8' title="bbox 140 3122 1313 3325">
     <span class='ocr_line' id='line_1_28' title="bbox 140 3122 1313 3223; baseline 0.005 -25"><span class='ocrx_word' id='word_1_218' title='bbox 140 3146 215 3202; x_wconf 89' lang='lat' dir='ltr'>rum</span> <span class='ocrx_word' id='word_1_219' title='bbox 241 3140 389 3218; x_wconf 85' lang='lat' dir='ltr'>quoque</span> <span class='ocrx_word' id='word_1_220' title='bbox 410 3122 478 3198; x_wconf 86' lang='lat' dir='ltr'>elic</span> <span class='ocrx_word' id='word_1_221' title='bbox 503 3125 644 3216; x_wconf 88' lang='lat' dir='ltr'>Deum,</span> <span class='ocrx_word' id='word_1_222' title='bbox 673 3124 802 3199; x_wconf 89' lang='lat' dir='ltr'>eodem</span> <span class='ocrx_word' id='word_1_223' title='bbox 824 3128 935 3201; x_wconf 92' lang='lat' dir='ltr'>modo</span> <span class='ocrx_word' id='word_1_224' title='bbox 961 3129 1049 3202; x_wconf 89' lang='lat' dir='ltr'>nihil</span> <span class='ocrx_word' id='word_1_225' title='bbox 1073 3132 1199 3223; x_wconf 85' lang='lat' dir='ltr'>prohi·</span> <span class='ocrx_word' id='word_1_226' title='bbox 1304 3124 1313 3133; x_wconf 82' lang='grc'><strong><em>’</em></strong></span> 
     </span>
     <span class='ocr_line' id='line_1_29' title="bbox 140 3223 1196 3325; baseline 0.006 -26"><span class='ocrx_word' id='word_1_227' title='bbox 140 3229 223 3301; x_wconf 86' lang='lat' dir='ltr'>beat</span> <span class='ocrx_word' id='word_1_228' title='bbox 253 3240 423 3320; x_wconf 87' lang='lat' dir='ltr'>oportet,</span> <span class='ocrx_word' id='word_1_229' title='bbox 449 3228 566 3299; x_wconf 88' lang='lat' dir='ltr'>lucem</span> <span class='ocrx_word' id='word_1_230' title='bbox 594 3223 782 3298; x_wconf 89' lang='lat' dir='ltr'>hominum</span> <span class='ocrx_word' id='word_1_231' title='bbox 807 3223 877 3302; x_wconf 84' lang='lat' dir='ltr'>effe</span> <span class='ocrx_word' id='word_1_232' title='bbox 899 3229 1006 3303; x_wconf 86' lang='lat' dir='ltr'>etiam</span> <span class='ocrx_word' id='word_1_233' title='bbox 1028 3231 1196 3325; x_wconf 85' lang='lat' dir='ltr'>aliorum,</span> 
     </span>
    </p>
   </div>
   <div class='ocr_carea' id='block_1_7' title="bbox 87 3325 744 3425">
    <p class='ocr_par' dir='ltr' id='par_1_9' title="bbox 87 3325 744 3425">
     <span class='ocr_line' id='line_1_30' title="bbox 87 3325 744 3425; baseline -0.011 -23"><span class='ocrx_word' id='word_1_234' title='bbox 87 3394 93 3425; x_wconf 79' lang='grc'>,</span> <span class='ocrx_word' id='word_1_235' title='bbox 140 3340 374 3421; x_wconf 68' lang='lat' dir='ltr'>preterquam</span> <span class='ocrx_word' id='word_1_236' title='bbox 394 3325 602 3406; x_wconf 87' lang='lat' dir='ltr'>hominum,</span> <span class='ocrx_word' id='word_1_237' title='bbox 628 3325 744 3395; x_wconf 89' lang='lat' dir='ltr'>lucem</span> 
     </span>
    </p>
   </div>
   <div class='ocr_carea' id='block_1_8' title="bbox 86 4158 89 4191">
    <p class='ocr_par' dir='ltr' id='par_1_10' title="bbox 86 4158 89 4191">
     <span class='ocr_line' id='line_1_31' title="bbox 86 4158 89 4191; baseline 0 0"><span class='ocrx_word' id='word_1_238' title='bbox 86 4158 89 4191; x_wconf 87' lang='lat' dir='ltr'>l</span> 
     </span>
    </p>
   </div>
   <div class='ocr_carea' id='block_1_9' title="bbox 139 3421 1217 4190">
    <p class='ocr_par' dir='ltr' id='par_1_11' title="bbox 139 3421 1217 4134">
     <span class='ocr_line' id='line_1_32' title="bbox 218 3421 1199 3518; baseline 0.006 -21"><span class='ocrx_word' id='word_1_239' title='bbox 218 3445 275 3518; x_wconf 82' lang='lat'>17.</span> <span class='ocrx_word' id='word_1_240' title='bbox 318 3422 434 3496; x_wconf 90' lang='lat' dir='ltr'>Porro</span> <span class='ocrx_word' id='word_1_241' title='bbox 461 3425 549 3497; x_wconf 78' lang='lat' dir='ltr'>aliua</span> <span class='ocrx_word' id='word_1_242' title='bbox 573 3421 740 3515; x_wconf 85' lang='lat' dir='ltr'>quispiam</span> <span class='ocrx_word' id='word_1_243' title='bbox 767 3428 873 3501; x_wconf 87' lang='lat' dir='ltr'>etiam</span> <span class='ocrx_word' id='word_1_244' title='bbox 900 3424 1106 3501; x_wconf 85' lang='lat' dir='ltr'>testimonio</span> <span class='ocrx_word' id='word_1_245' title='bbox 1133 3425 1199 3503; x_wconf 89' lang='lat' dir='ltr'>illo</span> 
     </span>
     <span class='ocr_line' id='line_1_33' title="bbox 140 3526 1200 3639; baseline -0.004 -37"><span class='ocrx_word' id='word_1_246' title='bbox 140 3540 265 3601; x_wconf 85' lang='lat' dir='ltr'>utens:</span> <span class='ocrx_word' id='word_1_247' title='bbox 295 3528 459 3594; x_wconf 80' lang='lat' dir='ltr'>Faciamus</span> <span class='ocrx_word' id='word_1_248' title='bbox 482 3526 692 3639; x_wconf 28' lang='lat' dir='ltr'>hominemtad</span> <span class='ocrx_word' id='word_1_249' title='bbox 714 3530 876 3618; x_wconf 75' lang='lat' dir='ltr'>imaginem</span> <span class='ocrx_word' id='word_1_250' title='bbox 899 3529 936 3603; x_wconf 70' lang='grc' dir='ltr'><em>Θ</em></span> <span class='ocrx_word' id='word_1_251' title='bbox 954 3527 1200 3620; x_wconf 76' lang='lat' dir='ltr'>finilirudimm</span> 
     </span>
     <span class='ocr_line' id='line_1_34' title="bbox 140 3622 1201 3819; baseline 0.005 -20"><span class='ocrx_word' id='word_1_252' title='bbox 140 3622 994 3819; x_wconf 63' lang='lat' dir='ltr'>llllllllsl‘lli,lflnllllllil</span> <span class='ocrx_word' id='word_1_253' title='bbox 1010 3645 1201 3803; x_wconf 59' lang='lat' dir='ltr'>llll</span> 
     </span>
     <span class='ocr_line' id='line_1_35' title="bbox 140 3820 1199 3915; baseline 0.008 -18"><span class='ocrx_word' id='word_1_254' title='bbox 140 3838 244 3899; x_wconf 82' lang='lat' dir='ltr'>utens</span> <span class='ocrx_word' id='word_1_255' title='bbox 270 3824 461 3914; x_wconf 82' lang='lat' dir='ltr'>exemplis,</span> <span class='ocrx_word' id='word_1_256' title='bbox 487 3824 576 3898; x_wconf 89' lang='lat' dir='ltr'>nihil</span> <span class='ocrx_word' id='word_1_257' title='bbox 607 3820 743 3896; x_wconf 83' lang='lat' dir='ltr'>referre</span> <span class='ocrx_word' id='word_1_258' title='bbox 768 3823 978 3915; x_wconf 74' lang='lat' dir='ltr'>Scriptura,</span> <span class='ocrx_word' id='word_1_259' title='bbox 1013 3826 1199 3905; x_wconf 88' lang='lat' dir='ltr'>hominem</span> 
     </span>
     <span class='ocr_line' id='line_1_36' title="bbox 141 3920 1197 4021; baseline 0.007 -26"><span class='ocrx_word' id='word_1_260' title='bbox 141 3924 256 4016; x_wconf 85' lang='lat' dir='ltr'>dicat,</span> <span class='ocrx_word' id='word_1_261' title='bbox 284 3944 327 3995; x_wconf 92' lang='lat' dir='ltr'>an</span> <span class='ocrx_word' id='word_1_262' title='bbox 347 3921 544 4019; x_wconf 83' lang='lat' dir='ltr'>Angelum:</span> <span class='ocrx_word' id='word_1_263' title='bbox 570 3925 615 3995; x_wconf 90' lang='lat' dir='ltr'>de</span> <span class='ocrx_word' id='word_1_264' title='bbox 634 3923 763 3995; x_wconf 87' lang='lat' dir='ltr'>eodem</span> <span class='ocrx_word' id='word_1_265' title='bbox 779 3925 872 3997; x_wconf 88' lang='lat' dir='ltr'>enim</span> <span class='ocrx_word' id='word_1_266' title='bbox 893 3920 1049 4018; x_wconf 75' lang='lat' dir='ltr'>subjetlo</span> <span class='ocrx_word' id='word_1_267' title='bbox 1069 3928 1197 4021; x_wconf 81' lang='lat' dir='ltr'>alicubi</span> 
     </span>
     <span class='ocr_line' id='line_1_37' title="bbox 139 4022 1217 4134; baseline -0.003 -35"><span class='ocrx_word' id='word_1_268' title='bbox 139 4025 226 4114; x_wconf 85' lang='lat' dir='ltr'>poni</span> <span class='ocrx_word' id='word_1_269' title='bbox 246 4022 379 4121; x_wconf 69' lang='lat' dir='ltr'>Angcli</span> <span class='ocrx_word' id='word_1_270' title='bbox 402 4022 608 4099; x_wconf 78' lang='lat' dir='ltr'>&amp;hominia</span> <span class='ocrx_word' id='word_1_271' title='bbox 631 4022 877 4118; x_wconf 83' lang='lat' dir='ltr'>vocabulum,</span> <span class='ocrx_word' id='word_1_272' title='bbox 895 4024 1217 4134; x_wconf 59' lang='lat' dir='ltr'>&#39;quemammouum</span> 
     </span>
    </p>

    <p class='ocr_par' dir='ltr' id='par_1_12' title="bbox 252 4138 1196 4190">
     <span class='ocr_line' id='line_1_38' title="bbox 252 4138 1196 4190; baseline 0.016 -15"><span class='ocrx_word' id='word_1_273' title='bbox 252 4170 259 4175; x_wconf 90' lang='lat'>.</span> <span class='ocrx_word' id='word_1_274' title='bbox 1142 4138 1196 4190; x_wconf 73' lang='lat' dir='ltr'>m</span> 
     </span>
    </p>
   </div>
   <div class='ocr_carea' id='block_1_10' title="bbox 0 0 1430 4575">
    <p class='ocr_par' dir='ltr' id='par_1_13' title="bbox 0 0 1430 4575">
     <span class='ocr_line' id='line_1_39' title="bbox 0 0 1430 4575; baseline 0 0"><span class='ocrx_word' id='word_1_275' title='bbox 0 0 1430 4575; x_wconf 95' lang='lat' dir='ltr'> </span> 
     </span>
    </p>
   </div>
  </div>
 </body>
</html>
