2817 4575
332 321 405 398 IN·
431 313 727 418 JQANNEM
763 303 970 404 TOMUS
991 314 1082 391 1VI·
1147 334 1235 424 39¹„

160 488 198 564 se
211 505 345 560 vocem
360 483 511 556 dicentis
529 483 566 554 in
579 478 743 567 deserto,
771 476 1015 554 rederamno
1029 483 1066 546 in
1084 473 1218 574 deserto:

163 590 297 660 etenim
319 585 377 674 qui
401 586 546 672 clamat:
575 585 720 672 Dirigire
744 583 836 672 oium.
862 584 1017 676 Domini,
1044 580 1149 650 etiam
1170 577 1219 668 di·

164 689 237 773 cit;
253 683 320 758 'sed
337 675 572 778 contingi't'ut
593 679 766 772 quispiam
785 673 1054 763 non'clamans,
1080 679 1153 750 hoc
1169 673 1220 768 ipss

162 785 236 859 sum
260 783 365 856 etiam
386 782 491 855 dicat.
543 777 681 853 Clamat
704 797 817 869 vero,
845 777 877 848 dr
903 775 1152 868 vociferatur,
1180 785 1222 847 ut

163 886 198 958 dr
218 885 277 976 qui
295 882 375 956 sunt
392 882 557 974 procula
580 879 744 968 dicente,
771 877 936 968 audiant,
964 877 997 951 dt
1017 879 1077 969 qui
1096 877 1222 950 adano·-

163 980 438 1058 diendumsunt
464 980 578 1072 tardi,
604 998 744 1069 rerum,
771 977 1064 1069 quedicuntur,
1089 975 1223 1072 magni·

163 1085 325 1172 tudinem
349 1081 569 1176 intelligant3
597 1095 695 1152 voce
722 1078 961 1172 pronunciata
985 1097 1065 1150 cum
1089 1075 1223 1170 magni·

164 1185 291 1258 tu'dine
305 1201 419 1276 ,opem
438 1181 556 1260 fetens
575 1177 748 1270 tumbis,
776 1179 835 1268 qui
858 1199 877 1248 a
900 1177 985 1250 Deo
1004 1167 1224 1256 recesserint,

163 1283 341 1367 tumbis,
369 1283 427 1372 qui
451 1281 590 1352 auditus
617 1280 808 1354 acuitatem
834 1277 1066 1370 perdiderint.
1120 1275 1225 1348 Hanc

166 1379 366 1456 ob³causam
382 1375 714 1471 enim‘liabore't'iam
733 1378 853 1475 Jesns‚
879 1375 917 1454 (π
936 1377 1088 1448 clamabat
1101 1378 1225 1447 dicem:
1287 1431 1291 1442 „

164 1483 205 1556 Si
223 1487 301 1577 quis·
312 1481 401 1575 stris,
426 1488 541 1550 ventat.
558 1480 599 1549 ad
620 1503 669 1547 me
686 1475 725 1553 su
742 1478 849 1550 bilae..
890 1477 995 1552 Hanc
1018 1478 1068 1551 ob
1087 1478 1226 1550 caulam

169 1579 321 1681 Juauner
338 1580 444 1654 etiam
461 1581 647 1675 teflqsrotrrr
659 1580 695 1648 de
713 1603 762 1655 eo,
786 1577 824 1654 Θ
839 1581 952 1656 clamat
967 1577 1081 1653 dicem.
1122 1575 1227 1650 Hanc

168 1683 219 1756 ob
239 1677 374 1754 causam
389 1680 494 1772 Jubet
513 1675 648 1751 Esaiam
666 1677 766 1750 Deus
786 1679 937 1754 clamare
952 1679 987 1752 in
1002 1698 1100 1752 voce
1120 1678 1227 1747 dicon-

168 1789 231 1855 ris:
264 1783 370 1854 Clamo
379 1801 392 1865 ,·
419 1780 475 1851 cui
499 1767 693 1880 respondet
717 1773 852 1850 Esaias:
878 1782 966 1872 Quid
986 1769 1143 1851 clamabi
1177 1771 1229 1846 At

168 1901 247 1955 vox
265 1880 507 1971 precantium,
535 1897 611 1968 quae
626 1877 860 1972 intelligentia
876 1879 1092 1971 percipitur,
1111 1895 1230 1969 quam-

167 1982 227 2054 vis
247 2001 390 2075 magna,
419 1987 538 2067 neque
554 1977 694 2068 prolixa
713 1979 864 2048 omnino
880 1976 1004 2065 suerit,
1032 1997 1150 2068 neque
1173 1973 1232 2048 ad·
1282 2049 1286 2056 ,

171 2084 338 2170 auxerint
361 2081 410 2151 illi
430 2079 626 2151 clamorem
644 2097 687 2150 ac
708 2075 1035 2164 vociferationem,
1063 2076 1160 2152 audit
1180 2089 1231 2148 ta·

169 2201 253 2258 men
273 2179 369 2252 hunc
389 2180 427 2252 in
443 2177 590 2252 modum
606 2190 795 2270 precantes
816 2176 940 2263 Deus,
969 2175 1072 2250 Moli¹
1087 2178 1231 2260 dicens:
1305 2199 1309 2206 ·

170 2282 261 2375 Quid
282 2285 322 2349 ors
342 2305 387 2349 me
408 2277 549 2355 clamas?
577 2277 635 2369 qui
661 2273 867 2357 sensibiliter
891 2297 965 2351 non
994 2278 1232 2367 clamaverat3

170 2376 291 2471 neque
311 2381 404 2465 enim
422 2372 588 2471 scriptum
607 2374 657 2449 est
677 2380 713 2449 in
735 2372 892 2473 Exodo,
920 2374 1041 2451 Mosen
1068 2376 1233 2452 sensibili·

172 2494 231 2554 t'er
255 2475 438 2571 clamasse,
465 2490 555 2571 cumj
571 2488 635 2573 per
659 2477 908 2569 precationem
936 2501 978 2554 ea
1003 2500 1100 2553 voce
1125 2477 1233 2553 ualde

173 2576 371 2661 clamasset,
398 2598 501 2668 quam
514 2577 612 2653 solus
632 2577 731 2649 Deus
746 2578 854 2650 audit.
876 2612 878 2617 ·
910 2580 1014 2653 Hanc
1031 2584 1080 2654 ob
1097 2575 1245 2654 causam¹

174 2677 299 2757 David
318 2680 425 2750 etiam
443 2678 576 2768 inquit:
614 2680 692 2747 Vde
709 2702 774 2747 mea
790 2680 830 2747 ad
850 2683 1023 2749 Dominum
1045 2683 1181 2749 esuum-rei
1196 2679 1236 2755 σ

168 2781 344 2872 4ικαιιὼηω
362 2803 417 2847 me.
470 2775 572 2869 Opus
592 2774 644 2849 est
665 2792 783 2849 autem
806 2797 903 2857 voce
921 2781 1106 2857 clamantis
1120 2783 1157 2859 in
1176 2779 1237 2854 de·
1302 2866 1304 2873 Ι

173 2880 298 2977 serto,
315 2879 377 2969 ubi
393 2876 507 2949 anima
520 2879 626 2951 etiarn
636 2876 749 2975 Deo,
769 2892 878 2971 atque
898 2880 1051 2953 veritate
1071 2878 1238 2954 destituta
1290 2946 1292 2951 .

175 2978 378 3075 (quodnam
391 2978 484 3050 enim
500 2974 593 3069 aliud
609 2973 968 3071 desertum'asperius,
987 3000 1091 3071 quam
1106 2972 1237 3068 'animm

175 3097 254 3171 quae
268 3077 373 3166 Deo,
401 3088 507 3166 atque
523 3077 620 3150 omni
637 3078 771 3148 virtute
790 3076 831 3150 sit
845 3075 1069 3176 destitutas>
1088 3080 1238 3170 eoquod

176 3179 293 3251 adbuc
318 3172 465 3266 oblique
488 3178 645 3249 ambulet
665 3174 971 3269 egens-dodirina,
996 3182 1170 3254 invitetur
1193 3178 1238 3254 ad

176 3278 394 3372 dirigendam
413 3277 558 3347 Domini
576 3279 694 3363 viam3
721 3296 823 3365 quam
845 3277 986 3367 quidem
1001 3283 1096 3354 viam
1113 3283 1172 3352 ille
1189 3280 1240 3355 di·

176 3379 263 3473 tigit
286 3376 449 3467 quidem,
478 3375 537 3465 qui
562 3396 784 3467 nequaquam
811 3374 985 3470 serpentis
1002 3380 1071 3454 iter
1093 3394 1241 3453 tortuo-

177 3472 253 3551 sum
273 3476 444 3568 imitatur,
463 3478 641 3568 pervertit
658 3494 752 3547 vero
773 3476 831 3565 qui
854 3477 937 3549 huic
954 3476 1006 3551 est
1024 3480 1241 3559 contrarius.

162 3660 165 3665 ,
181 3578 300 3672 Quam
325 3576 374 3646 ob
395 3593 471 3648 rem
497 3595 577 3649 cum
595 3573 761 3649 similibus
779 3571 988 3672 hujusmodi
1004 3581 1061 3649 vir
1075 3577 1240 3676 objurga·

178 3688 239 3761 tur
255 3694 319 3767 per
335 3673 441 3746 illud:
468 3678 579 3768 Quare
593 3680 783 3770 pervertitis
803 3684 877 3745 ur'ur
894 3679 1028 3747 Domini
1042 3674 1168 3750 redas?

259 3795 314 3849 11.
343 3770 520 3847 Caeterum
533 3772 694 3851 bilariam
715 3774 775 3846 via
790 3773 942 3849 Domini
959 3774 1144 3873 dirigitur,
1170 3780 1241 3873 pri-

179 3894 276 3949 mum
293 3888 445 3973 propter
461 3874 831 3968 contemplationem,
858 3894 935 3967 qua
950 3877 1191 3967 manifestatur
1203 3881 1242 3951 in

181 3974 358 4069 veritate,
385 3973 519 4069 absque
537 3975 609 4049 ulla
623 3972 867 4071 permixtione
887 3976 1083 4054 mendacii:
1111 3977 1243 4051 deinde

841 4096 843 4103 ·
1051 4085 1219 4166 propter
1268 4150 1270 4155 ¹
