2817 4575
332 313 406 390 ru·
431 305 727 410 Jonurtum
763 299 1082 400 ‘rouusut
1147 327 1236 416 301„

160 479 198 555 se
212 497 344 568 votem
360 475 512 550 dicentis
529 475 566 546 in
579 471 743 559 deserto,
772 469 1015 560 sedrclamantis
1029 476 1066 540 in
1084 466 1219 566 desdam

163 582 298 652 etenim
319 577 377 666 qui
402 578 546 674 ciamqt:
576 577 720 666 Dirigire
745 576 837 664 qiam.
862 576 1017 670 pomini,
1044 573 1149 642 etiam
1171 569 1219 660 di·

164 681 237 765 cit;
253 675 320 750 'sed
337 671 766 770 contingitur-quispiam
785 665 1054 756 non'clamans,
1081 673 1153 743 hoc
1168 663 1220 760 ipss

162 777 236 851 sum
260 776 366 850 etiam
386 774 491 848 dicat.
543 769 817 861 clamavero,
845 770 877 842 dt
903 767 1222 861 vociteratur;·ut

164 878 199 950 dr
218 876 277 969 qui
295 875 375 948 sunt
392 874 557 967 procula
580 872 744 961 dicente,
771 870 936 960 audiant,
964 870 997 943 dt
1017 872 1077 962 qui
1092 869 1222 944 aduu-

163 971 438 1050 diendumsunt
464 971 578 1066 tardi,
603 991 744 1062 rerum,
771 969 1065 1061 quanicuntur,
1089 968 1223 1064 magni·

163 1077 328 1164 tudinpm
349 1073 569 1168 intelligant3
597 1087 695 1144 voce
722 1071 961 1164 pronunciata
985 1089 1065 1144 eum
1089 1067 1222 1162 magni·
1270 1111 1272 1116 ·

164 1177 419 1268 tudineppem
438 1173 556 1252 serens
576 1169 749 1262 tumbis,
776 1173 836 1262 qui
858 1191 877 1242 a
900 1169 985 1244 Deo
1004 1159 1223 1266 recesserint,

163 1281 242 1349 tum
266 1275 341 1359 his,
369 1275 428 1365 qui
450 1272 590 1344 auditus
617 1272 808 1348 acuitatem
834 1268 1066 1362 perdiderint.
1120 1267 1225 1340 llanc

165 1371 366 1448 ob³causam
382 1367 714 1463 enim³liaiiretiar¹n
733 1371 852 1467 Jesus,
879 1367 917 1446 (5
936 1369 1087 1439 clamabat
1101 1370 1225 1439 dicens.-
1287 1423 1289 1430 .

164 1475 205 1548 Si
223 1479 295 1570 quis
312 1473 401 1567 fitia,
426 1480 540 1542 veniat
557 1473 599 1541 ari
620 1495 668 1540 me
686 1467 725 1546 (5
742 1471 848 1548 bibat..
889 1470 995 1546 Hanc
1017 1470 1068 1543 ob
1087 1470 1226 1542 cautam

168 1571 321 1673 Joaarncs
337 1572 445 1646 etiarn
461 1573 646 1667 testificatur
659 1572 695 1640 de
713 1596 762 1647 ao,
786 1569 824 1646 (ὅ
838 1573 952 1648 clareat
966 1569 1081 1646 dicem.
1112 1568 1226 1642 -Hanc

168 1674 220 1748 ob
239 1670 382 1746 causam
389 1672 494 1764 jubet
513 1669 648 1743 Esaiam
666 1669 766 1742 Deus
785 1671 987 1746 clamarem
1002 1691 1100 1744 voce
1120 1670 1227 1740 dicen-

168 1780 231 1848 tis:
263 1775 391 1857 Clomu3
418 1773 474 1843 cui
499 1759 693 1872 rospondei
717 1765 851 1843 Esaias:
877 1774 966 1864 Quid
985 1761 1143 1843 clamabo?
1176 1765 1229 1839 At

167 1893 247 1947 vox
264 1873 506 1963 precantium,
534 1890 610 1962 quae
626 1868 859 1963 intelligentia
875 1869 1091 1964 percipitur,
1110 1887 1230 1961 quam-

166 1974 227 2046 vis
247 1992 390 2067 magna,
419 1977 538 2059 neque
554 1969 693 2060 prolixa
712 1971 864 2040 omnino
880 1968 1004 2057 fuerit,
1030 1989 1149 2061 neque
1172 1965 1231 2040 ad·-
1282 2039 1286 2050 ,

170 2075 338 2162 auxerint
360 2073 410 2142 illi
430 2069 625 2144 clamorem
644 2087 686 2142 ac
708 2067 1034 2157 vociferationem,
1062 2069 1160 2145 audit
1179 2081 1231 2141 ta·

168 2193 253 2249 men
273 2171 368 2244 hunc
388 2172 426 2244 in
442 2169 589 2244 modum
605 2182 794 2260 precantes
815 2169 940 2255 Deua,
968 2167 1072 2243 Mosr¹
1086 2170 1231 2254 dicent:
1304 2191 1308 2198 ’

169 2274 260 2373 Quid
281 2277 321 2341 ad
342 2298 387 2341 me
408 2269 548 2345 clamati
576 2269 635 2361 qui
661 2265 866 2349 sensibiliter
890 2289 964 2344 non
993 2271 1231 2361 clamaveram

170 2394 291 2463 neque
309 2372 404 2443 enim
422 2364 587 2463 scriptum
605 2364 657 2441 est
676 2372 713 2441 in
734 2366 891 2461 Exodo,
919 2367 1040 2444 llosen
1068 2370 1232 2445 sensibili·

171 2484 230 2545 t'er
255 2466 438 2563 clamasse,¹
464 2490 552 2563 cum¹
570 2482 634 2564 per
660 2470 907 2561 precationem
935 2493 977 2546 ea
1002 2492 1099 2546 voce
1124 2469 1232 2545 valde

172 2567 370 2653 clamasset,
397 2589 500 2660 quam
513 2569 611 2645 solus
632 2569 730 2641 Deua
745 2571 854 2643 audit.
874 2604 878 2611 ·
909 2571 1013 2646 Hanc
1031 2576 1079 2647 ob
1097 2568 1244 2647 causam-

174 2669 299 2748 David
317 2672 424 2742 etiam
441 2670 575 2759 inquit:
613 2672 692 2739 Vooe
708 2694 773 2739 mea
790 2672 829 2739 ad
852 2676 1022 2741 Dominum
1045 2677 1180 2743 clamavi
1195 2672 1235 2747 U

174 2773 343 2862 exaudivit
361 2795 417 2840 me.
469 2767 571 2861 Opus
591 2766 644 2841 est
663 2783 783 2841 eutem
805 2790 902 2849 voce
920 2772 1105 2847 clamantis
1119 2776 1156 2845 in
1175 2771 1237 2845 de·
1301 2860 1303 2865 Ι

172 2872 297 2969 serto,
315 2870 376 2957 ubi
392 2868 506 2941 anima
520 2871 625 2943 etiam
636 2868 748 2967 Deo,
769 2884 877 2963 atque
897 2873 1051 2945 veritate
1070 2871 1237 2946 destituta

174 2969 378 3066 (quodnam
390 2970 484 3041 enim
499 2966 592 3041 aliud
609 2965 968 3064 desertum'asperiua²
986 2992 1089 3064 quam
1105 2964 1237 3060 amma,

174 3090 253 3163 quae
268 3069 372 3159 Deo,
400 3080 506 3158 atque
522 3069 619 3142 omni
636 3070 771 3140 virtute
790 3069 830 3142 stt
844 3066 1068 3168 destitutas)
1087 3073 1237 3162 eoquod

175 3171 293 3242 adhuc
317 3164 464 3258 oblique
487 3170 644 3241 ambulet
664 3166 969 3261 egens-doctrina,
995 3173 1169 3245 invitetur
1192 3171 1237 3246 ad

175 3270 393 3363 dirigendam
412 3269 557 3340 Domini
575 3270 693 3355 viam3
720 3288 821 3357 quam
843 3269 985 3359 quidem
1000 3276 1096 3347 viam
1112 3275 1171 3344 ille
1188 3272 1239 3347 di·

174 3370 262 3465 tigit
285 3367 449 3459 quidem,
477 3366 535 3457 qui
561 3387 783 3458 nequaquam
810 3366 983 3462 serpentis
1001 3373 1070 3447 iter
1093 3387 1240 3446 tortuo·

175 3464 253 3543 sum
272 3468 442 3559 imitatur,
461 3469 640 3559 pervertit
657 3486 751 3538 vero
772 3468 830 3558 qui
853 3470 936 3543 huic
953 3468 1005 3544 est
1022 3472 1240 3553 contrarius.

179 3570 299 3665 Quam
325 3568 373 3637 ob
394 3585 469 3640 rem
495 3586 576 3641 cunt
594 3562 760 3642 similibus
778 3563 987 3664 hujusmodi
1002 3573 1059 3643 vir
1074 3570 1239 3669 objurga.

177 3680 238 3753 tur
254 3686 318 3759 per
334 3666 440 3738 illud:
467 3671 578 3760 Quare
592 3672 782 3761 pervertitis
801 3676 872 3737 vim
893 3672 1027 3740 Domini
1041 3665 1166 3743 retias?

258 3787 313 3840 11.
342 3762 518 3840 Caetetum
534 3762 693 3840 bifariam
715 3766 773 3839 via
789 3765 940 3844 Domini
958 3768 1142 3866 dirigitur,
1169 3773 1240 3868 pti·
1265 3760 1267 3764 ’

178 3886 275 3942 tuum
292 3879 444 3963 propter
460 3867 831 3960 contemplationem,
856 3886 934 3960 quae
949 3870 1190 3961 manifestatur
1202 3874 1241 3945 in

179 3966 357 4060 veritate,
384 3964 517 4060 absque
536 3967 607 4041 ulle
622 3966 866 4063 permixtione
886 3969 1082 4047 mendacii:
1109 3970 1243 4045 deinde

1051 4077 1219 4160 propter
1267 4136 1271 4145 ,
