2817 4575
341 362 407 466 rit
442 359 730 488 J'o'aunnm
771 333 983 465 nouus
1021 389 1093 469 vr.
1159 396 1229 489 323

172 549 299 625 'afferat
321 550 452 624 fructus
475 553 607 628 bonos.
634 551 909 643 Contentusque
923 549 973 625 est
992 544 1145 648 agricola
1158 553 1227 653 prl-

168 673 262 725 mam
276 652 409 724 arboris
425 654 599 731 culturam
615 652 876 724 convenientes
891 649 1022 724 studius
1044 650 1223 746 proferre,

168 765 247 825 tum
264 769 356 822 vero
377 751 598 843 procedente
620 765 807 842 tempore,
834 747 913 840 post
930 751 997 823 hos
1020 753 1226 842 qualescun-

171 871 241 939 que
262 847 416 940 frudius',
445 847 619 952 sumturus
643 852 748 923 etiarn
768 847 899 922 studius
920 851 1062 941 bonos,
1088 850 1225 928 adhibl-

165 951 214 1020 tis
231 951 499 1048 purgationibus
518 950 741 1043 agriculturae
757 950 1071 1021 convenientibus.
1122 949 1223 1045 Quln'

164 1047 244 1123 Lex
258 1051 363 1121 etiam
382 1049 466 1122 huic
482 1048 611 1122 nostre
624 1049 865 1144 intelligentia
883 1046 1068 1120 attestatur
1084 1049 1222 1146 dicens,

165 1157 342 1241 oportere
371 1169 471 1236 eram,
498 1151 558 1238 oui
587 1149 827 1239 plantaverit,
852 1149 1089 1242 impurgatum
1116 1150 1222 1222 trien·

162 1251 228 1326 nio
253 1245 367 1319 sinere
387 1247 483 1339 quod
509 1245 741 1337 plantaverit,
768 1268 844 1320 non
871 1246 1020 1320 comesis
1044 1248 1097 1344 rei
1122 1248 1220 1341 plan·

163 1362 247 1420 tatae
266 1343 456 1422 srudlibus:
492 1343 571 1420 Tres
596 1343 710 1439 enlm,
731 1349 874 1439 inquit,
900 1371 1002 1440 caunos
1023 1347 1109 1418 vulis
1127 1346 1221 1438 sruc-

163 1465 217 1519 rus
232 1453 428 1544 impurgatus
439 1467 504 1516 nan
520 1449 711 1528 comedatur.-
739 1464 851 1544 quarto
866 1464 970 1518 aurem
984 1450 1144 1518 annuerit
1160 1470 1221 1516 am·

162 1554 218 1617 atis
235 1544 368 1638 studius
384 1544 538 1638 sandius,
563 1547 733 1617 laudabilis
755 1545 907 1624 Domino.
958 1547 1042 1645 Jure
1063 1563 1151 1648 ergo
1176 1544 1222 1620 nd

163 1648 286 1719 turbas
303 1647 435 1736 absque
453 1641 635 1718 additione
651 1645 738 1717 boni
755 1646 883 1742 dicitur
895 1649 1035 1733 romnis
1054 1652 1154 1746 igitur
1167 1671 1220 1717 ar·

164 1751 334 1844 dampna
354 1771 419 1814 nan
439 1745 524 1836 fucit
543 1743 711 1835 studium,
746 1747 959 1834 exscinditur,
992 1745 1031 1823 (5
1052 1751 1090 1816 in
1119 1749 1221 1838 ignem

160 1850 351 1950 conjicitur3
379 1844 411 1916 dc
430 1865 507 1935 qtrae
530 1844 662 1917 diutius
678 1843 827 1919 studium
842 1844 915 1917 sert
934 1846 1112 1940 principio
1130 1845 1217 1919 slmi-

163 1951 257 2036 lem,
285 1965 364 2018 cum
382 1944 423 2016 stt
443 1945 569 2031 arbor,
596 1963 673 2036 quae
696 1964 772 2015 non
795 1943 1051 2017 facicfmuum
1069 1946 1220 2030 bonum,

163 2045 359 2135 exciditur,
387 2043 608 2139 &inignem
632 2044 805 2133 mittitur,
832 2041 1119 2134 quandoquidem
1139 2040 1220 2138 post

127 2204 129 2208 .
161 2147 307 2217 triennii
329 2141 523 2231 culturam,
549 2145 586 2215 ln
606 2163 700 2216 anno
718 2157 847 2238 quarto
863 2162 938 2216 non
961 2142 1047 2215 facit
1068 2140 1234 2216 studium·

160 2242 334 2334 casuum,
362 2242 572 2316 laudabilem
595 2240 766 2316 Domino.
820 2242 909 2337 Hac
932 2259 1049 2316 autem
1076 2242 1220 2336 emnia,

163 2346 415 2441 quamvisper
442 2341 685 2437 digressionem
711 2344 902 2416 videantur
929 2344 1077 2419 anobis
1104 2340 1218 2438 ditia,

162 2443 454 2535 comparantibus
475 2442 602 2532 etiam,
629 2463 707 2533 quae
726 2451 852 2517 'caetera
874 2441 1070 2538 Evangelia
1086 2443 1221 2531 dicant,

162 2566 239 2618 non
268 2543 474 2633 importune
497 2554 616 2616 tamen
639 2540 789 2632 adscita,
815 2562 932 2633 neque
959 2545 1072 2614 aliena
1095 2560 1222 2635 aprae·

161 2644 251 2721 senti
269 2640 555 2713 consideratione
568 2640 705 2732 judicio
721 2638 800 2713 sunt
815 2661 910 2714 meo.
952 2637 1110 2714 Pharisaei
1126 2640 1222 2714 enim

161 2744 313 2817 mittunt
338 2740 379 2809 ad
402 2740 577 2831 Joannem
600 2738 680 2832 post
706 2739 919 2812 Sacerdotes
944 2738 977 2811 u
1002 2739 1148 2813 Levitas
1178 2739 1221 2809 ab

161 2837 425 2929 Hierosolymis
442 2835 583 2928 missos,
611 2837 653 2910 ad
669 2838 962 2937 interrogandum
977 2828 1108 2930 ipsum,
1129 2837 1222 2929 quis·

162 2944 246 3015 nam
271 2936 382 3029 ellat,
408 2938 696 3035 interrogantes:
739 2942 827 3033 Quid
851 2962 918 3030 crgo
947 2940 1112 3030 baptizas,
1130 2938 1160 3039 ſs
1181 2953 1221 3006 ru

161 3066 233 3112 nasu
252 3066 280 3109 cs
305 3041 354 3108 illc
379 3037 541 3131 carium,
568 3060 667 3133 neque
695 3040 809 3129 Elias,
837 3061 933 3133 neque
959 3038 1008 3111 illc
1036 3030 1216 3137 Propheta?

164 3160 317 3231 cumque
344 3134 619 3232 interrogassent
645 3138 719 3213 hoc
741 3138 776 3210 in
800 3138 906 3222 loco,
943 3136 1114 3232 deinceps
1136 3155 1222 3229 pro·

163 3239 268 3330 fetu,
285 3254 324 3309 ut
342 3239 629 3328 baptizarentur,
651 3250 692 3307 ut
707 3235 826 3309 scribit
842 3236 1047 3323 Mattheus,
1075 3236 1222 3310 audiunt

164 3336 423 3412 convenientia
448 3334 602 3407 fastui&
627 3332 840 3408 s1mnlationi
861 3334 940 3410 suae.
992 3335 1107 3409 Porro
1131 3352 1222 3427 quo·
1286 3416 1289 3423 ,

164 3443 260 3513 niam
283 3437 336 3508 his
357 3437 479 3507 eadem
503 3434 601 3524 sere,
625 3438 836 3524 'qoaeturbis
858 3435 1131 3524 dictaturam,
1158 3451 1224 3525 po·

164 3539 341 3612 stulabant
357 3536 431 3605 lraec
448 3535 680 3611 collationem
696 3552 802 3625 atque
817 3531 1129 3628 explanationem,
1146 3551 1224 3623 qum

165 3639 249 3709 dnm
275 3631 390 3719 liunt,
416 3634 517 3724 plura
541 3635 716 3723 compulit
737 3654 804 3711 nos
825 3631 1080 3722 consequentia
1104 3652 1223 3706 rerum

167 3734 402 3808 considerare.
454 3731 519 3803 His
538 3731 701 3836 insuper,
731 3754 807 3822 quae
830 3733 1002 3823 diximus,
1029 3729 1223 3809 necessario

166 3834 254 3910 illud
281 3831 466 3913 addemus,
492 3833 673 3924 Joannem'
693 3829 845 3904 scribere
869 3830 961 3903 duos
985 3831 1130 3906 ordines
1155 3827 1225 3905 ell'e

167 3931 404 4010 mittentium:
440 3931 586 4003 alterum
609 3929 750 4022 quidem
776 3929 978 4023 Judaeorum
1006 3931 1225 4005 mittentium

169 4037 213 4117 ab
225 4026 486 4126 Hierosolymis
502 4028 945 4208 SacerdotssadaLevitasa
970 4031 1239 4199 ιὶεεωέζὲζὴ

728 4152 751 4232 3
1175 4154 1216 4225 x.
