2817 4575
312 341 379 442 tn
415 353 705 470 joannen
741 341 957 438 tonius·
993 357 1023 442 t.
1138 349 1193 466 q,
1262 443 1269 464 ¹,

127 521 190 605 sed
219 523 412 602 seeundum
441 519 717 623 fignificationet
746 543 823 598 non
853 525 905 600 est
935 526 1040 601 idem.
1091 523 1190 604 Nan

126 629 345 724 principium
358 623 430 719 est,
457 637 630 719 quatenus
647 621 816 718 sapientia
830 625 898 716 est,
923 641 965 699 ut
978 630 1015 701 in
1034 624 1189 714 Provent

124 731 198 804 biit
220 726 421 802 didicimus.
471 724 648 820 Scriptum
674 723 726 798 est
745 742 853 821 ergo:
888 732 975 799 Deus
996 735 1121 798 creavit
1142 735 1190 800 md

122 834 330 926 'principium'
341 832 469 898 uiarum
485 826 616 915 [aarum
632 828 672 897 ad
689 847 780 922 opero
794 829 872 922 ejus.
923 829 1112 927 Quatenus
1128 839 1190 914 ati·

127 943 203 1002 tem
227 929 390 1002 Verbum
409 923 482 1014 est,
507 945 581 999 non
601 924 653 1000 'est
672 927 908 1021 principium,
936 928 1015 1020 quia
1037 930 1073 1000 in
1095 931 1190 1020 prin·-

127 1031 229 1124 tipio
248 1042 327 1102 etat
345 1027 523 1101 Verbum.
572 1023 684 1124 Igitur
705 1024 977 1122 significationes
1001 1030 1075 1117 eJ'us
1100 1031 1190 1101 cdii·
1236 1081 1240 1090 -

130 1133 250 1202 tinent
266 1128 501 1220 principium,
523 1123 761 1220 &seeundum
779 1126 964 1220 quiddam,
979 1127 1011 1199 u
1027 1130 1190 1221 tertium,

129 1243 259 1324 preter
280 1227 515 1320 principium,
541 1227 574 1298 dt
599 1229 646 1300 fic
668 1246 783 1316 usque
804 1226 846 1300 ad
867 1222 992 1300 finem:
1020 1239 1190 1318 tanquam

129 1329 331 1418 idiceret,
355 1325 568 1420 Principium
588 1325 682 1418 sum,
709 1327 1072 1422 quatenueiapientia
1093 1326 1190 1416 suant

102 1519 105 1530 Ι
131 1429 324 1502 secundum
352 1440 500 1516 autem,
531 1424 553 1499 fi
582 1425 680 1500 forte
704 1426 753 1500 sic
780 1430 1008 1522 contingeret
1034 1430 1124 1514 dici,
1150 1428 1190 1502 in

129 1545 300 1622 quantum
320 1525 393 1601 sum
413 1525 616 1598 invisibilist
642 1528 813 1618 tertium,
839 1529 876 1600 in
900 1539 1070 1621 ¹quantum
1093 1525 1188 1618 vita:

130 1630 301 1720 quoniam
318 1625 533 1725 quodfatium
550 1628 603 1724 est,
621 1631 658 1697 in
677 1627 738 1721 ipit
753 1632 825 1698 vita
841 1645 921 1702 erat.
958 1630 1067 1725 Quod
1085 1625 1193 1732 siquid⁸

131 1727 392 1822 Scripturarum
414 1723 551 1799 sensum
575 1726 816 1821 investigans,
848 1728 1001 1800 idoneus
1027 1725 1078 1799 est
1108 1749 1193 1804 eum

131 1827 282 1919 aiiequi,
308 1829 338 1899 ia
365 1828 508 1919 quidem
534 1823 679 1899 fortaiie
707 1826 871 1899 inveniet
895 1829 1083 1922 pleraque,
1115 1829 1194 1916 quae

130 1929 173 2002 td
192 1928 363 2002 ordinem
389 1932 614 2020 pertineant,
641 1941 749 2018 atque
776 1922 883 2000 finem
910 1926 1041 2018 ipsum,
1070 1925 1192 2001 nescio

130 2043 248 2104 autem
272 2049 318 2100 an
344 2029 476 2101 omnia.
528 2027 700 2122 Apertius
727 2041 845 2100 autem
873 2027 1114 2121 principium,
1150 2047 1192 2099 ae

130 2125 209 2204 finis
228 2125 424 2201 secundum
443 2145 669 2201 communem
686 2127 860 2219 loquendi
881 2125 1193 2218 consuetudinem,

129 2229 173 2303 de
200 2249 243 2303 re
270 2229 467 2319 continua,
495 2227 528 2300 dt
558 2230 657 2301 unita
680 2227 750 2301 dici
775 2228 964 2301 videntur:
994 2244 1036 2298 nt
1063 2228 1193 2301 domus

99 2371 105 2429 ς,
130 2330 345 2423 principium
365 2327 416 2401 est
433 2327 724 2419 fundamentum,
753 2324 890 2401 &finis
908 2326 1094 2423 fastigium.
1147 2320 1196 2401 Et
1279 2368 1282 2395 .

99 2442 104 2522 “,
130 2426 210 2503 sane
225 2428 349 2520 summo
368 2431 515 2527 angulari
535 2430 638 2523 lapide
660 2426 832 2517 existente
853 2430 993 2522 carisio,
1021 2432 1091 2499 toti
1116 2444 1197 2500 cot·

100 2526 210 2622 ipnti
238 2529 348 2601 unito
373 2549 522 2618 eorum,
557 2530 615 2619 qui
646 2527 852 2619 servantur,
880 2529 1116 2617 adaptandum
1143 2525 1197 2601 est

100 2636 107 2771 ἱ
130 2630 337 2743 exemplum
355 2628 452 2744 dioc:
480 2631 600 2745 omnia
622 2628 767 2743 ‘'¹3³¹''ss
789 2631 824 2699 in
843 2632 1009 2743 omnibus
1027 2627 1076 2700 est
1093 2626 1197 2743 enti

101 2728 450 2920 detentu
474 2726 1016 2918 ttnuuuntnt
1031 2732 1198 2901 utin

102 2879 108 2986 ι
133 2922 288 3021 scilicet,
310 2929 417 3001 etiam
437 2932 472 3000 in
490 2929 561 3006 his,
579 2931 638 3020 qui
658 2927 737 3000 sunt
755 2926 795 2999 in
810 2930 943 3001 medio.
996 2848 1057 2998 {st
1077 2929 1198 3014 etiam,

135 3043 170 3101 ut
188 3028 408 3125 principium
430 3030 594 3123 quidem,
621 3032 657 3103 in
675 3027 812 3115 Adam,
839 3044 879 3099 ut
894 3024 974 3101 finis
992 3040 1132 3116 autem,
1157 3024 1199 3100 in

135 3131 296 3203 adventu
317 3125 403 3221 suo,
426 3129 528 3220 juxta
550 3129 657 3201 iliud:
700 3129 838 3196 Ultimi
863 3132 966 3201 Adam·
986 3133 1027 3194 in
1048 3127 1200 3220 spiritam

139 3226 368 3319 vivificantem.
393 3228 653 3300 Verumtamen
666 3227 739 3300 hoc
751 3224 880 3301 ditium
897 3242 1074 3321 congruet
1089 3231 1200 3301 etiam

140 3327 372 3423 explicationi
390 3330 511 3400 hatum
533 3347 691 3419 vocum,
719 3329 850 3419 primus
867 3328 901 3400 oz
917 3331 1074 3401 ultimus,
1140 3395 1143 3417 ,
1173 3372 1176 3377 -

85 3414 91 3460 ¹
143 3460 159 3473 ·-
207 3444 269 3519 35.
297 3424 476 3500 Caeterum
499 3425 524 3500 si
550 3424 883 3509 observaverimus,
908 3449 986 3520 qua
1006 3425 1201 3520 superiuatt

85 3538 94 3585 Ι
142 3528 242 3601 uobis
268 3523 360 3597 ditia
384 3524 486 3600 fuere
513 3527 558 3598 de
582 3527 772 3599 vocabulis
798 3528 901 3621 primi
920 3528 955 3601 u
972 3526 1111 3616 ultimi,
1139 3524 1201 3599 ubi
1273 3524 1275 3533 '

85 3659 94 3705 t
144 3638 211 3703 tum
229 3624 277 3700 ad
292 3619 427 3719 species
440 3625 688 3717 rationalium,
714 3622 790 3700 tum
808 3626 851 3699 ad
867 3624 929 3701 filii
942 3625 1023 3699 ·Dei
1044 3620 1215 3699 diversae,

84 3796 94 3815 ,
111 3787 116 3798 .
143 3724 402 3820 inpellationeo
418 3722 451 3796 dt
466 3723 765 3819 significationes,
783 3728 986 3800 orationem
1001 3725 1203 3820 retulimus,

113 3870 116 3881 ·
146 3820 312 3901 habemus
341 3824 448 3897 etiam
470 3817 711 3899 differentiam
736 3828 860 3920 primi,
875 3871 879 3879 -
897 3827 930 3898 u
945 3822 1205 3919 .prineipn.,ta

85 3900 118 3945 ''
149 3920 276 4021 ultimi,
301 3922 336 3998 dt
361 3918 463 4005 finis,
492 3926 704 4015 quinetiam
730 3922 828 4021 ejus,
854 3925 953 4017 quod
978 3922 1049 3998 effe
1075 3924 1205 3997 dicitur

85 4020 97 4066 ⁵
151 4022 220 4099 e&
238 4045 290 4099 u:
311 4016 374 4097 sed
392 4036 510 4114 neque
529 4021 721 4103 obscurum
740 4020 821 4199 est&
836 4021 1025 4127 quomodo
1046 4020 1225 4110 Christus·

194 4124 343 4227 θῆιαιὸε
358 4118 449 4205 Tam
465 4120 575 4206 thi
1019 4121 1156 4201 dicatur
1183 4130 1185 4135 ·
