2817 4575
244 401 247 410 .
309 336 383 442 ru,
412 267 708 433 Jonuurru
743 325 944 408 nouus
980 323 1031 414 u.
1121 335 1213 440 uu¹

128 516 234 598 ceptor
246 495 341 574 ione:
370 501 437 572 Cur
452 523 519 584 me,
544 495 682 587 iuquit,
704 483 988 590 appellarim?
1023 493 1193 568 lumle-

124 628 189 676 nrrs
214 602 277 697 m‘fi
301 625 404 686 unus,
435 619 567 690 nempe
591 597 653 690 ille
676 596 784 682 Deus,
816 593 878 669 ille
905 599 1011 668 Pater.
1070 594 1192 670 Simile
1296 620 1299 627 ·

128 722 226 778 vero
240 691 349 792 etidrfu
365 703 403 773 in
422 700 498 773 aliis
515 694 755 783 ostendimus,
780 709 857 768 tum
875 715 967 768 vero
984 697 1137 774 maxime
1153 695 1193 769 iu

128 803 228 891 hoc,
254 800 496 893 qroducunt
512 799 683 888 majorem
701 793 771 867 else
788 794 944 886 aliquem
962 797 1085 869 mundi
1101 793 1192 888 Opi·

129 895 234 994 fice,'
248 921 314 996 per
338 900 460 974 mundi
481 893 663 991 opificem
690 896 969 988 interpretantes
989 894 1193 976 Christum,

129 1022 195 1098 per
215 1001 404 1075 hocvero
425 991 598 1090 majorem
621 994 774 1069 Patrem.
825 995 898 1068 Hic
919 998 1027 1092 igitur
1049 998 1110 1088 qui
1132 1008 1193 1068 tot

131 1101 340 1179 nominibus
356 1108 597 1191 nuncupatur,
615 1094 837 1184 advocatus,
856 1097 1090 1192 propitiatio,
1107 1116 1193 1189 pro·

85 1269 87 1274 .
131 1200 375 1297 pitiatotium‚
403 1193 601 1290 compassus
620 1191 885 1268 infirmitatibus
901 1195 1054 1288 nostris,
1078 1206 1194 1269 tenta·

85 1319 87 1344 ²
132 1317 188 1378 tus
205 1301 244 1374 in
263 1301 429 1373 omnibus
445 1296 605 1372 humanis
618 1296 719 1387 juxta
737 1295 999 1373 similitudinem
1019 1298 1093 1371 sine
1109 1318 1194 1391 pec·
1275 1361 1277 1366 ,

134 1415 239 1494 cato,
267 1419 413 1495 magnus
431 1393 482 1470 est
504 1394 695 1489 Pontifex,
722 1415 799 1467 non
817 1396 930 1471 modo
952 1419 1022 1493 pro
1040 1400 1195 1508 ὴφιῐῃῑ.

134 1504 220 1591 bus,
245 1496 429 1572 sedetiam
454 1516 522 1589 pro
547 1496 671 1587 omni,
694 1495 793 1585 quod
815 1499 964 1572 rationis
987 1499 1038 1575 est
1064 1522 1193 1598 capax,

85 1597 93 1710 l
135 1599 285 1676 hostiam
306 1594 412 1674 semel
440 1599 596 1670 oblatam
622 1595 769 1688 seipsum
797 1593 983 1688 offerens3
1018 1606 1099 1673 Sine
1124 1609 1195 1676 Deo
1245 1592 1248 1607 '

137 1701 250 1785 enim,
274 1700 335 1771 uel
352 1701 563 1794 pergratiam
588 1700 651 1767 Dei
676 1690 814 1790 (utin
839 1700 1048 1788 quibusdam
1074 1693 1195 1779 exe'm·
1282 1714 1297 1766 ἰ

137 1801 291 1893 pleribus
313 1795 472 1891 epistole
498 1795 540 1868 ad
559 1793 734 1868 Hebraeos
757 1797 936 1893 ponitur)
949 1822 1012 1896 ,pro
1031 1810 1117 1877 omni
1134 1830 1196 1900 gu.
1289 1824 1296 1852 ·

134 1901 235 1999 iavit
259 1916 410 1974 mortem:
435 1891 495 1970 sed
510 1893 590 1968 due
615 1893 687 1976 sine
710 1890 795 1973 Deo
823 1915 891 1988 pro
918 1901 1017 1974 omni
1041 1902 1197 1997 gustavit

137 2011 314 2091 mortem,
333 2017 410 2072 non
426 1994 539 2070 solum
555 2011 625 2088 pro
641 1991 849 2068 hominibus
864 2013 1029 2072 mortuus
1048 2002 1112 2096 est,
1131 2026 1197 2079 ve-

138 2119 211 2176 rum
235 2098 344 2172 etiarn
371 2117 440 2189 pro
464 2096 601 2170 ceteris
622 2094 773 2166 rationis
797 2098 1009 2189 capacibus:
1033 2099 1109 2175 five
1128 2121 1196 2198 per

137 2202 283 2299 gratiam
311 2197 381 2272 Dei
405 2216 474 2292 pro
489 2198 596 2293 vvoruni
612 2191 769 2292 gustavit
786 2210 963 2293 mortem,
990 2220 1060 2295 pro
1083 2207 1197 2279 omni·
1304 2205 1307 2216 '

136 2303 199 2376 bus
223 2296 299 2375 line
322 2296 407 2370 Deo
428 2309 591 2370 mortuus
608 2294 680 2369 est:
706 2299 936 2392 pergratiam
952 2319 1106 2393 namque
1124 2305 1198 2383 Del

94 2392 100 2451 ¹
137 2420 201 2494 pro
216 2397 318 2473 omni
334 2395 490 2492 gustavit
504 2411 680 2471 mortem:
708 2398 840 2471 etenim
859 2395 1044 2495 absurdum
1058 2402 1110 2477 est
1124 2425 1196 2500 pro

137 2498 294 2597 peccatis
308 2498 448 2589 quidem
465 2497 627 2569 humanis
641 2495 759 2569 dicere
776 2517 857 2570 eum
866 2516 1021 2574 mortem
1034 2503 1198 2602 gustasse,-

138 2621 211 2677 uon
227 2600 279 2671 lta
291 2616 383 2670 vero
404 2618 472 2692 pro
494 2595 768 2687 quibuscunque
786 2599 892 2671 etiam
910 2600 1006 2693 aliis,
1033 2604 1091 2694 qui
1108 2626 1197 2698 prae.

137 2692 387 2774 terhomlnem
401 2694 607 2791 inpeccatis
621 2693 745 2786 essent,
760 2698 862 2770 verbi
878 2700 988 2794 gratia
1004 2721 1072 2795 pro
1084 2703 1197 2801 astris,

137 2800 299 2875 nimirum
319 2816 437 2888 neque
461 2794 558 2869 astris
580 2797 731 2869 omnino
753 2814 875 2871 coram
896 2798 983 2871 Deo
1003 2801 1099 2897 puris
1124 2805 1199 2877 exi·
1292 2856 1294 2860 -

136 2899 333 2989 dentibus,
359 2897 474 2969 ueluti
495 2895 643 2992 legimus
664 2894 756 2987 apud
775 2893 865 2988 Job:
879 2900 986 2994 Astra
1005 2917 1110 2989 aurem
1133 2928 1199 2978 non

134 3004 213 3093 sunt
234 3000 352 3070 munda
374 3001 411 3067 in
429 2994 585 3091 conspessu
607 2999 694 3092 ejus,
721 2995 782 3066 nisr
801 2994 900 3071 forle
922 2999 996 3072 hoc
1016 3003 1200 3096 hyperbo-

137 3102 205 3177 lice
232 3097 363 3175 dislum
386 3094 449 3175 est.
501 3092 562 3171 Ob
583 3116 660 3168 eam
679 3092 817 3169 causam
838 3118 986 3194 magnus
1003 3099 1055 3174 est
1075 3104 1199 3180 l’onti·

137 3200 220 3293 lex,
271 3197 415 3270 uoniam
441 3215 557 3292 regno
579 3193 692 3268 Patris
717 3193 838 3267 omnia
860 3198 1035 3295 restituit,
1061 3202 1202 3285 sacient

138 3322 178 3375 ea
191 3219 350 3393 repseri,
375 3315 452 3388 quae
467 3298 503 3369 in
520 3312 747 3386 unoquoque
763 3295 969 3373 mortalium
985 3300 1132 3384 desunt,
1156 3323 1199 3380 ut

138 3402 282 3499 capiant
299 3411 482 3490 paternam
504 3395 666 3491 gloriam.
719 3393 812 3468 Sane
834 3396 894 3469 hic
909 3420 1057 3497 magnus
1076 3402 1199 3478 Ponti·

136 3500 197 3576 sex
214 3501 319 3593 iuxta
341 3497 443 3570 aliam
467 3493 791 3568 considerationem
814 3495 922 3589 Judas
944 3517 1121 3596 uocatur,
1156 3518 1200 3579 ut

137 3603 259 3694 quiin
287 3598 438 3670 occulto
464 3592 544 3668 sunt
561 3593 699 3689 'Judaei,
732 3614 809 3668 non
830 3616 850 3668 a
872 3598 966 3692 Juda
985 3602 1096 3687 Jacob
1121 3602 1204 3681 lilio.
1312 3664 1314 3671 .

85 3690 87 3701 '
135 3702 393 3788 nominentur,
420 3691 477 3768 sed
501 3694 661 3791 abhoc,
697 3692 890 3769 existentes
917 3698 1024 3792 ipsius
1050 3701 1205 3801 fratres,

85 3866 90 3893 ,
135 3796 495 3887 eracliensem,
523 3792 756 3887 adipiscentes
775 3795 999 3894 libertatern,
1025 3820 1093 3894 qua
1113 3807 1202 3879 libe·

134 3912 260 3976 rantur
276 3896 321 3971 ab
338 3890 436 3986 ipso,
462 3893 649 3968 &liberati
665 3893 709 3966 ab
723 3893 885 3968 hostibus
901 3894 991 3993 suis,
1017 3900 1093 3992 ipso
1114 3900 1211 3976 scili·v

134 4002 337 4101 mimantis
351 3990 480 4071 suerin
499 3992 645 4070 illorum
660 3988 803 4071 dorsum
821 3994 1041 4094 imponente
1057 4001 1216 4097 &lubili

1051 4105 1221 4178 etentes
