2817 4575
334 299 1221 448 rut-Joauuunronus,u1.3t1
1331 367 1333 372 ·

127 563 130 570 -
163 533 266 581 corona
288 509 437 579 tondente
455 505 489 597 se
511 521 643 592 murm
674 505 819 578 dicent:
859 515 931 598 sago·
947 501 1100 599 'tanquam
1123 528 1225 596 nnus

163 621 316 681 innocens
340 610 452 692 ducor,
479 621 517 675 ut
537 607 684 678 immoler.
737 606 854 698 Quam
874 607 925 678 ob
947 603 1107 697 causam,
1135 604 1239 678 &iu

161 705 386 804 Apocalypsi
403 705 545 778 videtur
560 723 674 799 eguus
694 702 786 804 stans
806 723 873 776 ceu
889 705 1104 779 immolatus,
1154 703 1225 777 llic

160 812 272 903 igitur
286 828 399 904 agnus
414 804 551 879 occisus
562 799 766 897 purificatio
779 801 889 876 sallus
909 801 980 886 est,
1003 805 1106 895 juxta
1120 823 1225 905 quau·
1276 823 1278 830 ·

163 909 245 981 dam
272 911 430 978 rationes
458 905 644 994 occultae,
671 904 784 976 totius
805 902 950 993 mttndi,
978 923 1045 997 pro
1074 923 1146 992 quo
1172 902 1223 975 ou·

162 1025 346 1108 umorem,
361 1025 434 1098 quo
451 1003 555 1077 Pater
570 1004 761 1076 humanum
778 1022 889 1098 genus
904 1001 1141 1095 prosequitur,
1158 1021 1225 1090 gae-
1294 1030 1319 1066 ·.

160 1109 244 1180 dem
264 1107 371 1179 etiam
395 1100 563 1198 suscepit,
588 1100 654 1176 suo
670 1099 775 1195 lpfius
791 1099 958 1198 sanguine
973 1121 1041 1174 uos
1063 1101 1223 1194 peccatis

160 1207 336 1278 vendttos
357 1206 533 1276 rediment
550 1203 593 1275 ab
613 1221 683 1294 eo,
711 1204 770 1293 q'ui
789 1220 857 1273 nos
870 1198 1071 1298 seduxerat.
1106 1201 1223 1274 Porro

164 1307 225 1396 qui
246 1324 371 1399 agnum
389 1306 485 1376 hunc
502 1304 544 1374 ad
564 1297 770 1374 sacrificium
784 1300 978 1390 offerebat,
993 1301 1089 1373 Deus
1106 1303 1141 1373 in
1159 1303 1206 1373 hu
1222 1311 1229 1332 '·

161 1403 262 1479 mine
285 1424 344 1477 era
390 1422 554 1498 magnus
577 1399 776 1494 Sacerdos,
803 1402 862 1492 qui
884 1403 956 1473 hoc
978 1400 1135 1473 declarat
1158 1410 1209 1493 pt·

163 1523 207 1578 eu
229 1505 360 1575 verba.
396 1504 518 1575 Nullus
538 1504 678 1572 animum
696 1499 793 1574 maen
816 1525 837 1570 a
859 1523 906 1571 me
930 1502 1037 1588 tollit,
1062 1504 1111 1586 sed
1135 1525 1226 1595 egee
1314 1531 1317 1538 ·

162 1603 336 1697 memetipso
356 1623 435 1690 tono
454 1626 530 1674 eom.
587 1601 768 1697 Pottslutem
792 1599 887 1672 ualet
908 1604 1048 1699 ponendi
1071 1627 1158 1694 eant,
1184 1598 1225 1682 ὕ

160 1704 289 1790 rursum
304 1701 478 1797 potestatem
498 1700 592 1771 habeo
602 1702 747 1790 sumendi
764 1724 840 1773 eam,
960 1729 968 1742 ³
1091 1757 1094 1764 f

130 1893 137 1900 q
243 1806 298 1893 36.
327 1801 374 1873 lst
392 1801 473 1875 sane
497 1799 600 1898 hujus
620 1799 770 1873 victimet
790 1801 952 1898 cognata
973 1800 1052 1876 sunt
1072 1816 1226 1900 caeterae,

164 1921 314 1996 quarum
340 1914 438 1973 notae
461 1899 542 1973 sunt
568 1901 724 1995 legales3
750 1920 814 1994 pet
842 1917 987 1974 caeteras
1011 1923 1102 1975 vero
1126 1902 1230 1977 viulo

161 2021 238 2074 mas
261 2000 343 2071 huic
365 1998 514 2072 viuimae
534 2014 727 2093 cognatae,
754 1996 944 2073 cffufionea
963 2002 1126 2096 intelligo
1151 2001 1227 2076 san·

161 2100 278 2196 guinis
300 2096 554 2193 generosorum
572 2100 797 2192 Martyrum,
823 2103 881 2191 qui
899 2099 1116 2172 nonsrustra
1137 2121 1227 2176 cone
1299 2177 1301 2186 ,
1324 2131 1332 2148 =

160 2199 358 2293 spiciuntur
380 2196 471 2272 stare
493 2219 513 2272 a
533 2195 707 2293 discipulo
726 2197 867 2295 Joanne
888 2195 987 2295 juxta
1013 2200 1154 2274 coeleste
1178 2202 1228 2275 al·'

144 2311 250 2391 ⁴tute.
301 2297 370 2370 Sed
392 2301 626 2396 qusr'sapr'ens,
651 2300 692 2376 U
713 2301 867 2394 intelliget
891 2297 982 2371 leet?
1005 2308 1058 2371 vel
1076 2306 1225 2391 prudens,

160 2398 202 2475 do
218 2400 355 2491 agnoscet
369 2394 457 2471 hac?
505 2398 563 2470 Ad
586 2399 663 2473 haec
681 2399 819 2473 altioris
838 2402 1156 2491 contemplationis
1175 2398 1227 2476 est
1331 2464 1333 2471 ,

162 2500 227 2571 vel
242 2499 421 2573 tantillum
444 2494 587 2589 exsequi
605 2495 783 2571 rationem
799 2501 844 2570 de
858 2501 1106 2593 hujuscemodi
1127 2501 1234 2587 visti.
1273 2576 1276 2583 ,

162 2598 251 2686 mis,
281 2616 357 2685 que
373 2616 526 2693 purgant
544 2617 628 2681 eos,
655 2616 724 2687 oro
742 2599 869 2687 quibus
886 2597 1101 2674 offeruntur.
1129 2599 1226 2675 Con·

161 2696 344 2772 fideranda
368 2718 454 2790 ergo
475 2693 526 2767 est
542 2698 636 2767 ratio
655 2692 856 2771 sacrificatae
877 2694 958 2768 fiuae
982 2700 1138 2792 Jephte,
1165 2702 1229 2791 qul
1274 2748 1279 2761 ·
1319 2712 1324 2741 ⁵

161 2810 315 2892 propter
339 2795 430 2868 hanc
452 2792 547 2867 filios
572 2792 731 2868 Ammon
751 2796 859 2877 vicit,
888 2797 944 2868 cui
968 2800 1108 2888 quidem
1129 2790 1230 2874 voto*

162 2893 338 2991 propensa
355 2894 424 2967 fuit
441 2916 482 2967 ea
504 2894 635 2987 etiam,
662 2914 739 2986 quae
759 2893 999 2987 offerebatur,
1026 2890 1067 2971 ad
1089 2915 1232 2992 patrem·

164 2996 369 3069 dicentem:
403 2998 555 3090 Apertum
582 2996 621 3091 est
644 3018 679 3067 os
700 3019 798 3063 meum
820 2996 986 3083 adversum
1006 3013 1037 3068 te
1054 3002 1094 3068 od
1120 3004 1228 3071 Denud-
1290 3014 1305 3025 “

162 3119 263 3177 num,
290 3091 530 3186 respondens:
560 3095 605 3165 Er
619 3095 649 3191 fi
671 3095 819 3191 aperuisti
833 3120 873 3179 ,os
889 3112 980 3164 auen
998 3098 1160 3185 adversum
1180 3124 1228 3173 ne

162 3196 205 3265 od
234 3198 424 3279 Dominum,
444 3193 502 3284 foc
530 3212 640 3264 uotum
669 3211 770 3265 tuum.
830 3191 954 3287 Atque
980 3193 1227 3279 simulachrum
1318 3202 1330 3235 ⁸

164 3284 308 3386 quidem
323 3292 443 3391 multe
460 3293 679 3365 crudelitatis
698 3313 762 3386 per
784 3294 859 3368 hac
882 3286 1095 3387 ploducitur
1117 3301 1225 3389 illius,
1261 3384 1265 3395 ¹
1301 3348 1317 3373 t

164 3392 222 3466 cui
247 3395 335 3464 tales
359 3411 426 3485 pro
455 3392 639 3465 hominum
665 3391 776 3466 salute
799 3390 1032 3487 perficiuntur
1057 3397 1226 3474 viuimae:
1325 3472 1329 3481 ,

162 3491 224 3567 sed
241 3489 411 3581 mosetto,
422 3505 545 3565 mente
560 3490 811 3587 generosiore,
826 3514 904 3585 quae
922 3497 1049 3568 calleat
1066 3495 1227 3591 soluere,

163 3612 244 3684 quae
263 3592 429 3663 dicuntur
445 3604 573 3663 contra
588 3592 879 3681 prouidentiam,
891 3614 1057 3689 egemus,
1073 3611 1114 3668 ut
1128 3596 1227 3672 srmul
1252 3596 1254 3601 ’
1319 3592 1324 3611 ““

117 3776 123 3784 ,
164 3692 211 3767 de
228 3691 417 3778 omnibus,
442 3710 519 3781 quae
536 3692 648 3763 veluti
667 3689 861 3765 secretiora
879 3691 973 3784 sunt,
999 3691 1146 3792 &supra
1162 3698 1227 3771 hu·

163 3810 303 3868 menam
320 3802 501 3883 naturam,
529 3810 596 3863 nos
612 3788 837 3873 excusemur:
863 3796 988 3885 Magna
1010 3802 1092 3865 enim
1102 3801 1227 3893 judicia
1307 3796 1310 3807 '

161 3888 261 3978 Dei,
287 3913 381 3985 euque
404 3914 494 3983 ogre,
520 3916 576 3959 nec
590 3888 692 3981 focile
715 3909 917 3979 narrentur,
945 3905 1053 3985 atque
1079 3898 1114 3966 ob
1140 3897 1230 3985 hocce
1287 3940 1291 3955 ι

162 3988 283 4079 causam
300 3989 391 4061 rudes
407 3994 520 4061 anima
534 4006 740 4065 erraverunt.
772 3990 941 4068 Relatum
955 4008 1073 4068 autern
1084 4010 1227 4086 ,latque

962 4148 964 4153 .
1017 4091 1207 4164 &titutum
