<?xml version="1.0" encoding="UTF-8"?>
<!DOCTYPE html PUBLIC "-//W3C//DTD XHTML 1.0 Transitional//EN"
    "http://www.w3.org/TR/xhtml1/DTD/xhtml1-transitional.dtd">
<html xmlns="http://www.w3.org/1999/xhtml" xml:lang="en" lang="en">
 <head>
  <title>
</title>
<meta http-equiv="Content-Type" content="text/html;charset=utf-8" />
  <meta name='ocr-system' content='tesseract 3.04.00' />
  <meta name='ocr-capabilities' content='ocr_page ocr_carea ocr_par ocr_line ocrx_word'/>
</head>
<body>
  <div class='ocr_page' id='page_1' title='image "./operaomniasanct07unkngoog_0085.png"; bbox 0 0 2817 4575; ppageno 0'>
   <div class='ocr_carea' id='block_1_1' title="bbox 299 275 1280 461">
    <p class='ocr_par' dir='ltr' id='par_1_1' title="bbox 299 275 1280 461">
     <span class='ocr_line' id='line_1_1' title="bbox 299 275 1280 461; baseline 0.003 -21"><span class='ocrx_word' id='word_1_1' title='bbox 299 275 689 461; x_wconf 66' lang='lat' dir='ltr'>runcari-urm</span> <span class='ocrx_word' id='word_1_2' title='bbox 730 351 1009 440; x_wconf 76' lang='lat' dir='ltr'>ronnei.</span> <span class='ocrx_word' id='word_1_3' title='bbox 1104 351 1215 460; x_wconf 59' lang='lat'>&#39;41²</span> <span class='ocrx_word' id='word_1_4' title='bbox 1278 304 1280 308; x_wconf 42' lang='grc'>’</span> 
     </span>
    </p>
   </div>
   <div class='ocr_carea' id='block_1_2' title="bbox 85 520 1246 1814">
    <p class='ocr_par' dir='ltr' id='par_1_2' title="bbox 85 520 1246 1814">
     <span class='ocr_line' id='line_1_2' title="bbox 122 520 1183 618; baseline -0.001 -17"><span class='ocrx_word' id='word_1_5' title='bbox 122 528 170 601; x_wconf 77' lang='lat' dir='ltr'>dc</span> <span class='ocrx_word' id='word_1_6' title='bbox 181 545 229 600; x_wconf 86' lang='lat' dir='ltr'>eo</span> <span class='ocrx_word' id='word_1_7' title='bbox 239 522 369 618; x_wconf 87' lang='lat' dir='ltr'>scripta</span> <span class='ocrx_word' id='word_1_8' title='bbox 381 524 472 617; x_wconf 82' lang='lat' dir='ltr'>suot,</span> <span class='ocrx_word' id='word_1_9' title='bbox 489 521 597 597; x_wconf 82' lang='lat' dir='ltr'>&amp;vix</span> <span class='ocrx_word' id='word_1_10' title='bbox 607 524 808 596; x_wconf 86' lang='lat' dir='ltr'>enumerari</span> <span class='ocrx_word' id='word_1_11' title='bbox 819 520 976 617; x_wconf 78' lang='lat' dir='ltr'>poliunt,</span> <span class='ocrx_word' id='word_1_12' title='bbox 992 524 1183 615; x_wconf 87' lang='lat' dir='ltr'>probando</span> 
     </span>
     <span class='ocr_line' id='line_1_3' title="bbox 127 621 1186 721; baseline -0.001 -22"><span class='ocrx_word' id='word_1_13' title='bbox 127 625 247 721; x_wconf 85' lang='lat' dir='ltr'>Jesum</span> <span class='ocrx_word' id='word_1_14' title='bbox 261 626 443 700; x_wconf 88' lang='lat' dir='ltr'>bonorum</span> <span class='ocrx_word' id='word_1_15' title='bbox 453 621 523 696; x_wconf 83' lang='lat' dir='ltr'>elle</span> <span class='ocrx_word' id='word_1_16' title='bbox 533 623 813 697; x_wconf 87' lang='lat' dir='ltr'>multitudinem:</span> <span class='ocrx_word' id='word_1_17' title='bbox 840 637 946 713; x_wconf 90' lang='lat' dir='ltr'>atque</span> <span class='ocrx_word' id='word_1_18' title='bbox 963 644 1008 695; x_wconf 84' lang='lat' dir='ltr'>ox</span> <span class='ocrx_word' id='word_1_19' title='bbox 1020 623 1089 716; x_wconf 85' lang='lat' dir='ltr'>his,</span> <span class='ocrx_word' id='word_1_20' title='bbox 1106 642 1186 717; x_wconf 82' lang='lat' dir='ltr'>quae</span> 
     </span>
     <span class='ocr_line' id='line_1_4' title="bbox 126 718 1185 824; baseline -0.004 -24"><span class='ocrx_word' id='word_1_21' title='bbox 126 733 219 821; x_wconf 83' lang='lat' dir='ltr'>reg&#39;te</span> <span class='ocrx_word' id='word_1_22' title='bbox 229 727 438 824; x_wconf 82' lang='lat' dir='ltr'>enumerari</span> <span class='ocrx_word' id='word_1_23' title='bbox 459 720 651 817; x_wconf 81' lang='lat' dir='ltr'>poliunt&amp;</span> <span class='ocrx_word' id='word_1_24' title='bbox 670 718 915 812; x_wconf 68' lang='lat' dir='ltr'>scripulum,</span> <span class='ocrx_word' id='word_1_25' title='bbox 941 721 1185 815; x_wconf 75' lang='lat' dir='ltr'>conjeiiuram</span> 
     </span>
     <span class='ocr_line' id='line_1_5' title="bbox 127 819 1185 921; baseline 0.001 -24"><span class='ocrx_word' id='word_1_26' title='bbox 127 823 258 921; x_wconf 85' lang='lat' dir='ltr'>capere</span> <span class='ocrx_word' id='word_1_27' title='bbox 283 824 409 905; x_wconf 82' lang='lat' dir='ltr'>cleiis,</span> <span class='ocrx_word' id='word_1_28' title='bbox 436 843 513 914; x_wconf 79' lang='lat' dir='ltr'>quaa</span> <span class='ocrx_word' id='word_1_29' title='bbox 533 820 667 914; x_wconf 90' lang='lat' dir='ltr'>inipso</span> <span class='ocrx_word' id='word_1_30' title='bbox 689 820 832 912; x_wconf 90' lang='lat' dir='ltr'>quidem</span> <span class='ocrx_word' id='word_1_31' title='bbox 853 819 993 915; x_wconf 87' lang='lat' dir='ltr'>insunt,</span> <span class='ocrx_word' id='word_1_32' title='bbox 1020 823 1185 914; x_wconf 78' lang='lat' dir='ltr'>inquere</span> 
     </span>
     <span class='ocr_line' id='line_1_6' title="bbox 126 921 1187 1015; baseline 0 -17"><span class='ocrx_word' id='word_1_33' title='bbox 126 923 393 1015; x_wconf 86' lang='lat' dir='ltr'>beneplacitum</span> <span class='ocrx_word' id='word_1_34' title='bbox 424 924 496 996; x_wconf 85' lang='lat' dir='ltr'>suit</span> <span class='ocrx_word' id='word_1_35' title='bbox 528 941 671 996; x_wconf 88' lang='lat' dir='ltr'>omnem</span> <span class='ocrx_word' id='word_1_36' title='bbox 698 922 960 1013; x_wconf 87' lang='lat' dir='ltr'><strong>plenitudinem</strong></span> <span class='ocrx_word' id='word_1_37' title='bbox 981 921 1187 998; x_wconf 65' lang='lat' dir='ltr'>&#39;divinitatia</span> 
     </span>
     <span class='ocr_line' id='line_1_7' title="bbox 126 1020 1189 1117; baseline -0.001 -22"><span class='ocrx_word' id='word_1_38' title='bbox 126 1024 367 1117; x_wconf 78' lang='lat' dir='ltr'>corporaliter</span> <span class='ocrx_word' id='word_1_39' title='bbox 390 1021 577 1097; x_wconf 85' lang='lat' dir='ltr'>habitare:</span> <span class='ocrx_word' id='word_1_40' title='bbox 601 1020 696 1095; x_wconf 91' lang='lat' dir='ltr'>haud</span> <span class='ocrx_word' id='word_1_41' title='bbox 726 1032 847 1094; x_wconf 79' lang='lat' dir='ltr'>tameo</span> <span class='ocrx_word' id='word_1_42' title='bbox 870 1041 890 1091; x_wconf 88' lang='lat' dir='ltr'>a</span> <span class='ocrx_word' id='word_1_43' title='bbox 917 1021 1046 1094; x_wconf 85' lang='lat' dir='ltr'>litteris</span> <span class='ocrx_word' id='word_1_44' title='bbox 1067 1024 1189 1096; x_wconf 78' lang='lat' dir='ltr'>conti·-</span> 
     </span>
     <span class='ocr_line' id='line_1_8' title="bbox 126 1117 1188 1213; baseline -0.001 -15"><span class='ocrx_word' id='word_1_45' title='bbox 126 1127 277 1198; x_wconf 87' lang='lat' dir='ltr'>nentltr:</span> <span class='ocrx_word' id='word_1_46' title='bbox 296 1121 381 1213; x_wconf 85' lang='lat' dir='ltr'>quid</span> <span class='ocrx_word' id='word_1_47' title='bbox 396 1121 480 1196; x_wconf 92' lang='lat' dir='ltr'>dico</span> <span class='ocrx_word' id='word_1_48' title='bbox 498 1118 692 1193; x_wconf 80' lang='lat' dir='ltr'>alitteris?</span> <span class='ocrx_word' id='word_1_49' title='bbox 712 1119 855 1210; x_wconf 86' lang='lat' dir='ltr'>quando</span> <span class='ocrx_word' id='word_1_50' title='bbox 872 1117 905 1191; x_wconf 77' lang='lat' dir='ltr'>ila</span> <span class='ocrx_word' id='word_1_51' title='bbox 923 1121 969 1193; x_wconf 88' lang='lat' dir='ltr'>de</span> <span class='ocrx_word' id='word_1_52' title='bbox 985 1137 1068 1195; x_wconf 91' lang='lat' dir='ltr'>toto</span> <span class='ocrx_word' id='word_1_53' title='bbox 1085 1143 1188 1204; x_wconf 83' lang='lat' dir='ltr'>muu-</span> 
     </span>
     <span class='ocr_line' id='line_1_9' title="bbox 127 1219 1187 1316; baseline -0.005 -20"><span class='ocrx_word' id='word_1_54' title='bbox 127 1222 176 1296; x_wconf 84' lang='lat' dir='ltr'>do</span> <span class='ocrx_word' id='word_1_55' title='bbox 194 1221 294 1294; x_wconf 81' lang='lat' dir='ltr'>dicat</span> <span class='ocrx_word' id='word_1_56' title='bbox 306 1222 486 1316; x_wconf 77' lang='lat' dir='ltr'>Joannest</span> <span class='ocrx_word' id='word_1_57' title='bbox 512 1223 582 1292; x_wconf 86' lang='lat' dir='ltr'>Nec</span> <span class='ocrx_word' id='word_1_58' title='bbox 603 1219 680 1314; x_wconf 84' lang='lat' dir='ltr'>ipse,</span> <span class='ocrx_word' id='word_1_59' title='bbox 694 1228 822 1313; x_wconf 86' lang='lat' dir='ltr'>opiner,</span> <span class='ocrx_word' id='word_1_60' title='bbox 848 1221 983 1289; x_wconf 78' lang='lat' dir='ltr'>mundus</span> <span class='ocrx_word' id='word_1_61' title='bbox 996 1238 1115 1316; x_wconf 77' lang='lat' dir='ltr'>caperer</span> <span class='ocrx_word' id='word_1_62' title='bbox 1126 1248 1187 1311; x_wconf 87' lang='lat' dir='ltr'>ear,</span> 
     </span>
     <span class='ocr_line' id='line_1_10' title="bbox 128 1317 1189 1418; baseline 0.002 -26"><span class='ocrx_word' id='word_1_63' title='bbox 128 1317 406 1418; x_wconf 69' lang='lat' dir='ltr'>perscriberetur</span> <span class='ocrx_word' id='word_1_64' title='bbox 417 1320 524 1393; x_wconf 76' lang='lat' dir='ltr'>librar.</span> <span class='ocrx_word' id='word_1_65' title='bbox 550 1318 685 1391; x_wconf 80' lang='lat' dir='ltr'>Dicere</span> <span class='ocrx_word' id='word_1_66' title='bbox 702 1339 790 1412; x_wconf 85' lang='lat' dir='ltr'>ergo</span> <span class='ocrx_word' id='word_1_67' title='bbox 808 1319 1009 1412; x_wconf 82' lang='lat' dir='ltr'>Apostolos</span> <span class='ocrx_word' id='word_1_68' title='bbox 1030 1342 1189 1418; x_wconf 75' lang='lat' dir='ltr'>evange·</span> 
     </span>
     <span class='ocr_line' id='line_1_11' title="bbox 129 1417 1246 1515; baseline 0.004 -22"><span class='ocrx_word' id='word_1_69' title='bbox 129 1424 238 1515; x_wconf 68' lang='lat' dir='ltr'>lirare</span> <span class='ocrx_word' id='word_1_70' title='bbox 263 1418 510 1500; x_wconf 75' lang='lat' dir='ltr'>servatorem,</span> <span class='ocrx_word' id='word_1_71' title='bbox 535 1419 684 1510; x_wconf 85' lang='lat' dir='ltr'>perinde</span> <span class='ocrx_word' id='word_1_72' title='bbox 709 1417 760 1490; x_wconf 88' lang='lat' dir='ltr'>est</span> <span class='ocrx_word' id='word_1_73' title='bbox 786 1439 828 1492; x_wconf 85' lang='lat' dir='ltr'>ac</span> <span class='ocrx_word' id='word_1_74' title='bbox 850 1418 876 1492; x_wconf 84' lang='lat' dir='ltr'>fi</span> <span class='ocrx_word' id='word_1_75' title='bbox 898 1421 1096 1495; x_wconf 85' lang='lat' dir='ltr'>diceremus</span> <span class='ocrx_word' id='word_1_76' title='bbox 1121 1441 1188 1497; x_wconf 84' lang='lat' dir='ltr'>eoa</span> <span class='ocrx_word' id='word_1_77' title='bbox 1243 1437 1246 1454; x_wconf 81' lang='lat'><em>’</em></span> 
     </span>
     <span class='ocr_line' id='line_1_12' title="bbox 129 1517 1188 1618; baseline 0.005 -27"><span class='ocrx_word' id='word_1_78' title='bbox 129 1517 377 1618; x_wconf 80' lang='lat' dir='ltr'>evangelizare</span> <span class='ocrx_word' id='word_1_79' title='bbox 393 1520 491 1592; x_wconf 86' lang='lat' dir='ltr'>bona</span> <span class='ocrx_word' id='word_1_80' title='bbox 504 1520 635 1591; x_wconf 90' lang='lat' dir='ltr'>omnia.</span> <span class='ocrx_word' id='word_1_81' title='bbox 667 1520 785 1612; x_wconf 85' lang='lat' dir='ltr'>Quam</span> <span class='ocrx_word' id='word_1_82' title='bbox 808 1518 859 1589; x_wconf 95' lang='lat' dir='ltr'>ob</span> <span class='ocrx_word' id='word_1_83' title='bbox 874 1540 949 1593; x_wconf 89' lang='lat' dir='ltr'>rem</span> <span class='ocrx_word' id='word_1_84' title='bbox 969 1520 1028 1592; x_wconf 90' lang='lat' dir='ltr'>hic</span> <span class='ocrx_word' id='word_1_85' title='bbox 1046 1518 1098 1593; x_wconf 90' lang='lat' dir='ltr'>cst</span> <span class='ocrx_word' id='word_1_86' title='bbox 1110 1522 1188 1615; x_wconf 87' lang='lat' dir='ltr'>illc,</span> 
     </span>
     <span class='ocr_line' id='line_1_13' title="bbox 132 1616 1190 1713; baseline 0.002 -20"><span class='ocrx_word' id='word_1_87' title='bbox 132 1620 186 1713; x_wconf 87' lang='lat' dir='ltr'>qui</span> <span class='ocrx_word' id='word_1_88' title='bbox 202 1641 225 1691; x_wconf 90' lang='lat' dir='ltr'>a·</span> <span class='ocrx_word' id='word_1_89' title='bbox 240 1622 343 1693; x_wconf 89' lang='lat' dir='ltr'>bono</span> <span class='ocrx_word' id='word_1_90' title='bbox 361 1622 460 1690; x_wconf 81' lang='lat' dir='ltr'>Patre</span> <span class='ocrx_word' id='word_1_91' title='bbox 475 1618 627 1713; x_wconf 85' lang='lat' dir='ltr'>accepit,</span> <span class='ocrx_word' id='word_1_92' title='bbox 645 1632 687 1688; x_wconf 92' lang='lat' dir='ltr'>ut</span> <span class='ocrx_word' id='word_1_93' title='bbox 701 1616 789 1690; x_wconf 84' lang='lat' dir='ltr'>ellat</span> <span class='ocrx_word' id='word_1_94' title='bbox 806 1630 865 1689; x_wconf 95' lang='lat' dir='ltr'>tot</span> <span class='ocrx_word' id='word_1_95' title='bbox 876 1620 993 1692; x_wconf 87' lang='lat' dir='ltr'>bona:</span> <span class='ocrx_word' id='word_1_96' title='bbox 1019 1633 1061 1693; x_wconf 88' lang='lat' dir='ltr'>ut</span> <span class='ocrx_word' id='word_1_97' title='bbox 1078 1618 1190 1695; x_wconf 72' lang='lat' dir='ltr'>unua·</span> 
     </span>
     <span class='ocr_line' id='line_1_14' title="bbox 85 1717 1191 1814; baseline -0.001 -20"><span class='ocrx_word' id='word_1_98' title='bbox 85 1718 107 1732; x_wconf 73' lang='lat'>&#39;&#39;</span> <span class='ocrx_word' id='word_1_99' title='bbox 128 1723 279 1811; x_wconf 78' lang='lat' dir='ltr'>cuisque</span> <span class='ocrx_word' id='word_1_100' title='bbox 294 1735 341 1791; x_wconf 89' lang='lat' dir='ltr'>eo</span> <span class='ocrx_word' id='word_1_101' title='bbox 360 1717 458 1808; x_wconf 91' lang='lat' dir='ltr'>quod</span> <span class='ocrx_word' id='word_1_102' title='bbox 472 1719 587 1812; x_wconf 83' lang='lat' dir='ltr'>capit,</span> <span class='ocrx_word' id='word_1_103' title='bbox 614 1718 677 1788; x_wconf 87' lang='lat' dir='ltr'>vel</span> <span class='ocrx_word' id='word_1_104' title='bbox 695 1718 757 1803; x_wconf 88' lang='lat' dir='ltr'>iis,</span> <span class='ocrx_word' id='word_1_105' title='bbox 785 1737 863 1809; x_wconf 82' lang='lat' dir='ltr'>quae</span> <span class='ocrx_word' id='word_1_106' title='bbox 879 1720 999 1813; x_wconf 81' lang='lat' dir='ltr'>capit,</span> <span class='ocrx_word' id='word_1_107' title='bbox 1026 1740 1106 1792; x_wconf 90' lang='lat' dir='ltr'>cum</span> <span class='ocrx_word' id='word_1_108' title='bbox 1125 1739 1191 1814; x_wconf 88' lang='lat' dir='ltr'>per</span> 
     </span>
    </p>
   </div>
   <div class='ocr_carea' id='block_1_3' title="bbox 85 1815 1323 1916">
    <p class='ocr_par' dir='ltr' id='par_1_3' title="bbox 85 1815 1323 1916">
     <span class='ocr_line' id='line_1_15' title="bbox 85 1815 1323 1916; baseline 0.002 -25"><span class='ocrx_word' id='word_1_109' title='bbox 85 1877 88 1898; x_wconf 91' lang='grc'>,</span> <span class='ocrx_word' id='word_1_110' title='bbox 134 1819 248 1916; x_wconf 68' lang='lat' dir='ltr'>lesum</span> <span class='ocrx_word' id='word_1_111' title='bbox 263 1839 307 1891; x_wconf 88' lang='lat' dir='ltr'>ea</span> <span class='ocrx_word' id='word_1_112' title='bbox 318 1818 543 1909; x_wconf 86' lang='lat' dir='ltr'>perceperit,</span> <span class='ocrx_word' id='word_1_113' title='bbox 570 1815 709 1888; x_wconf 85' lang='lat' dir='ltr'>fruatur</span> <span class='ocrx_word' id='word_1_114' title='bbox 727 1817 845 1891; x_wconf 81' lang='lat' dir='ltr'>bonis.</span> <span class='ocrx_word' id='word_1_115' title='bbox 895 1817 1002 1891; x_wconf 90' lang='lat' dir='ltr'>Haud</span> <span class='ocrx_word' id='word_1_116' title='bbox 1016 1832 1191 1912; x_wconf 86' lang='lat' dir='ltr'>poterant</span> <span class='ocrx_word' id='word_1_117' title='bbox 1320 1895 1323 1911; x_wconf 77' lang='grc'>,</span> 
     </span>
    </p>
   </div>
   <div class='ocr_carea' id='block_1_4' title="bbox 85 1911 1312 4217">
    <p class='ocr_par' dir='ltr' id='par_1_4' title="bbox 85 1911 1312 4009">
     <span class='ocr_line' id='line_1_16' title="bbox 85 1911 1191 2014; baseline -0.003 -18"><span class='ocrx_word' id='word_1_118' title='bbox 85 1911 88 1952; x_wconf 75' lang='grc'><strong><em>’</em></strong></span> <span class='ocrx_word' id='word_1_119' title='bbox 135 1933 251 1996; x_wconf 85' lang='lat' dir='ltr'>autem</span> <span class='ocrx_word' id='word_1_120' title='bbox 267 1913 458 2014; x_wconf 81' lang='lat' dir='ltr'>Apostoli,</span> <span class='ocrx_word' id='word_1_121' title='bbox 475 1933 638 2006; x_wconf 74' lang='lat' dir='ltr'>¹quorum</span> <span class='ocrx_word' id='word_1_122' title='bbox 659 1916 800 2006; x_wconf 83' lang='lat' dir='ltr'>pulchri</span> <span class='ocrx_word' id='word_1_123' title='bbox 819 1915 899 1987; x_wconf 92' lang='lat' dir='ltr'>sunt</span> <span class='ocrx_word' id='word_1_124' title='bbox 917 1919 1044 2009; x_wconf 90' lang='lat' dir='ltr'>pedes,</span> <span class='ocrx_word' id='word_1_125' title='bbox 1072 1919 1191 1993; x_wconf 88' lang='lat' dir='ltr'>&amp;ho-</span> 
     </span>
     <span class='ocr_line' id='line_1_17' title="bbox 85 2014 1192 2114; baseline 0.001 -24"><span class='ocrx_word' id='word_1_126' title='bbox 85 2033 88 2052; x_wconf 78' lang='lat'>&#39;</span> <span class='ocrx_word' id='word_1_127' title='bbox 133 2040 209 2100; x_wconf 84' lang='lat' dir='ltr'>runt</span> <span class='ocrx_word' id='word_1_128' title='bbox 227 2014 372 2094; x_wconf 81' lang='lat' dir='ltr'>studiosi</span> <span class='ocrx_word' id='word_1_129' title='bbox 389 2017 587 2096; x_wconf 78' lang='lat' dir='ltr'>imitatores</span> <span class='ocrx_word' id='word_1_130' title='bbox 606 2016 854 2110; x_wconf 85' lang='lat' dir='ltr'>evangelizare</span> <span class='ocrx_word' id='word_1_131' title='bbox 870 2016 989 2108; x_wconf 86' lang='lat' dir='ltr'>bona,</span> <span class='ocrx_word' id='word_1_132' title='bbox 1016 2016 1077 2091; x_wconf 85' lang='lat' dir='ltr'>niir</span> <span class='ocrx_word' id='word_1_133' title='bbox 1090 2016 1192 2114; x_wconf 72' lang='lat' dir='ltr'>jesue</span> 
     </span>
     <span class='ocr_line' id='line_1_18' title="bbox 85 2111 1193 2216; baseline 0 -27"><span class='ocrx_word' id='word_1_134' title='bbox 85 2117 88 2206; x_wconf 70' lang='grc' dir='ltr'>ἶ</span> <span class='ocrx_word' id='word_1_135' title='bbox 135 2135 243 2195; x_wconf 78' lang='lat' dir='ltr'>antee</span> <span class='ocrx_word' id='word_1_136' title='bbox 261 2117 340 2210; x_wconf 79' lang='lat' dir='ltr'>ipsis</span> <span class='ocrx_word' id='word_1_137' title='bbox 372 2111 664 2216; x_wconf 76' lang='lat' dir='ltr'>evangelizailetr</span> <span class='ocrx_word' id='word_1_138' title='bbox 704 2113 1003 2205; x_wconf 85' lang='lat' dir='ltr'><strong>quemadmodum</strong></span> <span class='ocrx_word' id='word_1_139' title='bbox 1031 2113 1193 2209; x_wconf 89' lang='lat' dir='ltr'>loquitur</span> 
     </span>
     <span class='ocr_line' id='line_1_19' title="bbox 85 2213 1194 2314; baseline -0.004 -24"><span class='ocrx_word' id='word_1_140' title='bbox 85 2213 88 2240; x_wconf 91' lang='lat'>&#39;</span> <span class='ocrx_word' id='word_1_141' title='bbox 135 2216 268 2293; x_wconf 74' lang='lat' dir='ltr'>Esaias:</span> <span class='ocrx_word' id='word_1_142' title='bbox 304 2216 469 2310; x_wconf 78' lang='lat' dir='ltr'>Eg‘o&#39;ipfe‚</span> <span class='ocrx_word' id='word_1_143' title='bbox 497 2220 553 2312; x_wconf 79' lang='lat' dir='ltr'>qui</span> <span class='ocrx_word' id='word_1_144' title='bbox 574 2214 737 2311; x_wconf 77' lang='lat' dir='ltr'>loquebar,</span> <span class='ocrx_word' id='word_1_145' title='bbox 763 2215 887 2302; x_wconf 73' lang='lat' dir='ltr'>adsum,</span> <span class='ocrx_word' id='word_1_146' title='bbox 904 2215 987 2312; x_wconf 73' lang='lat' dir='ltr'>ficut</span> <span class='ocrx_word' id='word_1_147' title='bbox 1008 2221 1194 2314; x_wconf 74' lang='lat' dir='ltr'>opportune*-</span> 
     </span>
     <span class='ocr_line' id='line_1_20' title="bbox 85 2300 1281 2414; baseline 0.001 -25"><span class='ocrx_word' id='word_1_148' title='bbox 85 2300 89 2335; x_wconf 56' lang='grc' dir='ltr'>Ι</span> <span class='ocrx_word' id='word_1_149' title='bbox 138 2336 184 2390; x_wconf 79' lang='lat' dir='ltr'>tas</span> <span class='ocrx_word' id='word_1_150' title='bbox 209 2325 246 2387; x_wconf 70' lang='grc' dir='ltr'>ἐκ</span> <span class='ocrx_word' id='word_1_151' title='bbox 268 2317 449 2401; x_wconf 69' lang='lat' dir='ltr'>manniri,</span> <span class='ocrx_word' id='word_1_152' title='bbox 468 2317 549 2408; x_wconf 80' lang='lat' dir='ltr'>fitur</span> <span class='ocrx_word' id='word_1_153' title='bbox 570 2317 658 2411; x_wconf 76' lang='lat' dir='ltr'>pedes</span> <span class='ocrx_word' id='word_1_154' title='bbox 684 2315 941 2408; x_wconf 75' lang='lat' dir='ltr'>evangelizantis</span> <span class='ocrx_word' id='word_1_155' title='bbox 965 2336 1089 2411; x_wconf 82' lang='lat' dir='ltr'>pacem,</span> <span class='ocrx_word' id='word_1_156' title='bbox 1111 2319 1192 2414; x_wconf 72' lang='lat' dir='ltr'>ficret</span> <span class='ocrx_word' id='word_1_157' title='bbox 1277 2367 1281 2381; x_wconf 84' lang='lat'>·</span> 
     </span>
     <span class='ocr_line' id='line_1_21' title="bbox 137 2415 1190 2512; baseline -0.001 -23"><span class='ocrx_word' id='word_1_158' title='bbox 137 2420 360 2512; x_wconf 66' lang='lat' dir='ltr'>megaricam</span> <span class='ocrx_word' id='word_1_159' title='bbox 385 2417 473 2498; x_wconf 80' lang='lat' dir='ltr'>bona,</span> <span class='ocrx_word' id='word_1_160' title='bbox 488 2421 638 2510; x_wconf 80' lang='lat' dir='ltr'>quoniam</span> <span class='ocrx_word' id='word_1_161' title='bbox 655 2418 798 2486; x_wconf 79' lang='lat' dir='ltr'>auditam</span> <span class='ocrx_word' id='word_1_162' title='bbox 810 2415 945 2505; x_wconf 78' lang='lat' dir='ltr'>salutern</span> <span class='ocrx_word' id='word_1_163' title='bbox 960 2431 1047 2489; x_wconf 80' lang='lat' dir='ltr'>luam</span> <span class='ocrx_word' id='word_1_164' title='bbox 1056 2417 1190 2510; x_wconf 77' lang='lat' dir='ltr'>faciam,</span> 
     </span>
     <span class='ocr_line' id='line_1_22' title="bbox 138 2515 1194 2611; baseline 0.005 -24"><span class='ocrx_word' id='word_1_165' title='bbox 138 2523 261 2608; x_wconf 73' lang='lat' dir='ltr'>licens,</span> <span class='ocrx_word' id='word_1_166' title='bbox 290 2522 373 2588; x_wconf 82' lang='lat' dir='ltr'>Siara</span> <span class='ocrx_word' id='word_1_167' title='bbox 396 2518 538 2607; x_wconf 76' lang='lat' dir='ltr'>regrmlir</span> <span class='ocrx_word' id='word_1_168' title='bbox 565 2521 654 2585; x_wconf 78' lang='lat' dir='ltr'>Deus</span> <span class='ocrx_word' id='word_1_169' title='bbox 678 2533 765 2586; x_wconf 84' lang='lat' dir='ltr'>raus.</span> <span class='ocrx_word' id='word_1_170' title='bbox 820 2516 976 2611; x_wconf 85' lang='lat' dir='ltr'>Quinam</span> <span class='ocrx_word' id='word_1_171' title='bbox 999 2517 1093 2611; x_wconf 82' lang='lat' dir='ltr'>enim</span> <span class='ocrx_word' id='word_1_172' title='bbox 1112 2515 1194 2592; x_wconf 91' lang='lat' dir='ltr'>sunt</span> 
     </span>
     <span class='ocr_line' id='line_1_23' title="bbox 139 2613 1194 2713; baseline -0.001 -21"><span class='ocrx_word' id='word_1_173' title='bbox 139 2631 303 2708; x_wconf 79' lang='lat' dir='ltr'>montes,</span> <span class='ocrx_word' id='word_1_174' title='bbox 329 2618 366 2697; x_wconf 89' lang='lat' dir='ltr'>io</span> <span class='ocrx_word' id='word_1_175' title='bbox 391 2618 518 2711; x_wconf 84' lang='lat' dir='ltr'>qulbus</span> <span class='ocrx_word' id='word_1_176' title='bbox 541 2613 613 2709; x_wconf 90' lang='lat' dir='ltr'>ipse</span> <span class='ocrx_word' id='word_1_177' title='bbox 637 2617 697 2706; x_wconf 90' lang='lat' dir='ltr'>qui</span> <span class='ocrx_word' id='word_1_178' title='bbox 720 2616 879 2706; x_wconf 87' lang='lat' dir='ltr'>loquitur</span> <span class='ocrx_word' id='word_1_179' title='bbox 903 2614 1010 2690; x_wconf 82' lang='lat' dir='ltr'>incise</span> <span class='ocrx_word' id='word_1_180' title='bbox 1032 2617 1066 2690; x_wconf 90' lang='lat' dir='ltr'>se</span> <span class='ocrx_word' id='word_1_181' title='bbox 1091 2617 1194 2713; x_wconf 81' lang='lat' dir='ltr'>dicit,</span> 
     </span>
     <span class='ocr_line' id='line_1_24' title="bbox 139 2714 1195 2811; baseline -0.005 -18"><span class='ocrx_word' id='word_1_182' title='bbox 139 2720 196 2795; x_wconf 84' lang='lat' dir='ltr'>nist</span> <span class='ocrx_word' id='word_1_183' title='bbox 217 2720 276 2810; x_wconf 82' lang='lat' dir='ltr'>hi,</span> <span class='ocrx_word' id='word_1_184' title='bbox 306 2718 364 2808; x_wconf 90' lang='lat' dir='ltr'>qui</span> <span class='ocrx_word' id='word_1_185' title='bbox 380 2717 478 2789; x_wconf 89' lang='lat' dir='ltr'>nulla</span> <span class='ocrx_word' id='word_1_186' title='bbox 492 2735 531 2786; x_wconf 89' lang='lat' dir='ltr'>re</span> <span class='ocrx_word' id='word_1_187' title='bbox 545 2714 735 2786; x_wconf 87' lang='lat' dir='ltr'>inferiores</span> <span class='ocrx_word' id='word_1_188' title='bbox 752 2714 913 2806; x_wconf 82' lang='lat' dir='ltr'>sentila,</span> <span class='ocrx_word' id='word_1_189' title='bbox 932 2717 992 2805; x_wconf 87' lang='lat' dir='ltr'>qui</span> <span class='ocrx_word' id='word_1_190' title='bbox 1005 2715 1107 2811; x_wconf 82' lang='lat' dir='ltr'>sriper</span> <span class='ocrx_word' id='word_1_191' title='bbox 1123 2731 1195 2790; x_wconf 90' lang='lat' dir='ltr'>ter·</span> 
     </span>
     <span class='ocr_line' id='line_1_25' title="bbox 140 2808 1196 2909; baseline 0.001 -19"><span class='ocrx_word' id='word_1_192' title='bbox 140 2838 208 2892; x_wconf 88' lang='lat' dir='ltr'>ram</span> <span class='ocrx_word' id='word_1_193' title='bbox 225 2817 308 2890; x_wconf 77' lang='lat' dir='ltr'>ilt&#39;nt</span> <span class='ocrx_word' id='word_1_194' title='bbox 323 2815 465 2887; x_wconf 84' lang='lat' dir='ltr'>maximi</span> <span class='ocrx_word' id='word_1_195' title='bbox 484 2814 516 2884; x_wconf 73' lang='grc' dir='ltr'>ἀ</span> <span class='ocrx_word' id='word_1_196' title='bbox 534 2808 703 2887; x_wconf 69' lang='lat' dir='ltr'>altilllmi&#39;i</span> <span class='ocrx_word' id='word_1_197' title='bbox 731 2834 821 2909; x_wconf 85' lang='lat' dir='ltr'>quor</span> <span class='ocrx_word' id='word_1_198' title='bbox 841 2813 1004 2905; x_wconf 75' lang='lat' dir='ltr'>quesitoa</span> <span class='ocrx_word' id='word_1_199' title='bbox 1029 2817 1196 2908; x_wconf 90' lang='lat' dir='ltr'>oportuit</span> 
     </span>
     <span class='ocr_line' id='line_1_26' title="bbox 141 2911 1312 3011; baseline -0.001 -22"><span class='ocrx_word' id='word_1_200' title='bbox 141 2918 274 3009; x_wconf 76' lang='lat' dir='ltr'>abhis,</span> <span class='ocrx_word' id='word_1_201' title='bbox 296 2918 356 3005; x_wconf 76' lang='lat' dir='ltr'>oui</span> <span class='ocrx_word' id='word_1_202' title='bbox 371 2915 462 2985; x_wconf 90' lang='lat' dir='ltr'>novi</span> <span class='ocrx_word' id='word_1_203' title='bbox 476 2911 697 2986; x_wconf 86' lang='lat' dir='ltr'>Testamenti</span> <span class='ocrx_word' id='word_1_204' title='bbox 715 2912 861 2988; x_wconf 89' lang='lat' dir='ltr'>ministri</span> <span class='ocrx_word' id='word_1_205' title='bbox 875 2913 956 2986; x_wconf 91' lang='lat' dir='ltr'>sunt</span> <span class='ocrx_word' id='word_1_206' title='bbox 969 2915 1110 3011; x_wconf 86' lang='lat' dir='ltr'>idonei:</span> <span class='ocrx_word' id='word_1_207' title='bbox 1135 2916 1197 2989; x_wconf 90' lang='lat' dir='ltr'>sci·</span> <span class='ocrx_word' id='word_1_208' title='bbox 1308 2968 1312 2979; x_wconf 61' lang='lat'><em>„</em></span> 
     </span>
     <span class='ocr_line' id='line_1_27' title="bbox 139 3013 1197 3109; baseline -0.003 -18"><span class='ocrx_word' id='word_1_209' title='bbox 139 3019 225 3092; x_wconf 89' lang='lat' dir='ltr'>licet</span> <span class='ocrx_word' id='word_1_210' title='bbox 243 3029 285 3088; x_wconf 92' lang='lat' dir='ltr'>ut</span> <span class='ocrx_word' id='word_1_211' title='bbox 306 3013 449 3093; x_wconf 82' lang='lat' dir='ltr'>servem</span> <span class='ocrx_word' id='word_1_212' title='bbox 471 3032 687 3106; x_wconf 77' lang='lat' dir='ltr'>preceptum</span> <span class='ocrx_word' id='word_1_213' title='bbox 707 3014 852 3085; x_wconf 79' lang='lat' dir='ltr'>dicens:</span> <span class='ocrx_word' id='word_1_214' title='bbox 880 3016 983 3109; x_wconf 73' lang='lat' dir='ltr'>Super</span> <span class='ocrx_word' id='word_1_215' title='bbox 999 3032 1133 3085; x_wconf 85' lang='lat' dir='ltr'>mantem</span> <span class='ocrx_word' id='word_1_216' title='bbox 1149 3016 1197 3088; x_wconf 85' lang='lat' dir='ltr'>ai·</span> 
     </span>
     <span class='ocr_line' id='line_1_28' title="bbox 141 3113 1197 3209; baseline 0.001 -22"><span class='ocrx_word' id='word_1_217' title='bbox 141 3135 206 3188; x_wconf 76' lang='lat' dir='ltr'>rum</span> <span class='ocrx_word' id='word_1_218' title='bbox 229 3113 374 3207; x_wconf 73' lang='lat' dir='ltr'>ascende,</span> <span class='ocrx_word' id='word_1_219' title='bbox 402 3120 457 3209; x_wconf 78' lang='lat' dir='ltr'>qui</span> <span class='ocrx_word' id='word_1_220' title='bbox 480 3114 681 3206; x_wconf 75' lang='lat' dir='ltr'>evangelizas</span> <span class='ocrx_word' id='word_1_221' title='bbox 710 3116 812 3197; x_wconf 85' lang='lat' dir='ltr'>Sion,</span> <span class='ocrx_word' id='word_1_222' title='bbox 838 3113 944 3187; x_wconf 77' lang='lat' dir='ltr'>exalta</span> <span class='ocrx_word' id='word_1_223' title='bbox 969 3140 1038 3186; x_wconf 87' lang='lat' dir='ltr'>cum</span> <span class='ocrx_word' id='word_1_224' title='bbox 1054 3115 1197 3205; x_wconf 71' lang='lat' dir='ltr'>sortita·</span> 
     </span>
     <span class='ocr_line' id='line_1_29' title="bbox 143 3214 1199 3309; baseline 0.004 -22"><span class='ocrx_word' id='word_1_225' title='bbox 143 3220 212 3287; x_wconf 86' lang='lat' dir='ltr'>dr&#39;ne</span> <span class='ocrx_word' id='word_1_226' title='bbox 230 3240 336 3285; x_wconf 86' lang='lat' dir='ltr'>vocem</span> <span class='ocrx_word' id='word_1_227' title='bbox 360 3233 468 3302; x_wconf 82' lang='lat' dir='ltr'>ruam,</span> <span class='ocrx_word' id='word_1_228' title='bbox 496 3217 552 3309; x_wconf 81' lang='lat' dir='ltr'>qvi</span> <span class='ocrx_word' id='word_1_229' title='bbox 567 3222 752 3283; x_wconf 79' lang='lat' dir='ltr'>annuntior</span> <span class='ocrx_word' id='word_1_230' title='bbox 774 3214 981 3301; x_wconf 78' lang='lat' dir='ltr'>Hierusalem.</span> <span class='ocrx_word' id='word_1_231' title='bbox 1032 3215 1115 3288; x_wconf 90' lang='lat' dir='ltr'>Nec</span> <span class='ocrx_word' id='word_1_232' title='bbox 1134 3217 1199 3291; x_wconf 84' lang='lat' dir='ltr'>mi·</span> 
     </span>
     <span class='ocr_line' id='line_1_30' title="bbox 142 3313 1199 3409; baseline 0.002 -22"><span class='ocrx_word' id='word_1_233' title='bbox 142 3337 217 3389; x_wconf 85' lang='lat' dir='ltr'>rere</span> <span class='ocrx_word' id='word_1_234' title='bbox 232 3317 257 3389; x_wconf 88' lang='lat' dir='ltr'>s1</span> <span class='ocrx_word' id='word_1_235' title='bbox 273 3315 570 3409; x_wconf 81' lang='lat' dir='ltr'>evangelizatoris</span> <span class='ocrx_word' id='word_1_236' title='bbox 582 3315 692 3404; x_wconf 89' lang='lat' dir='ltr'>bona,</span> <span class='ocrx_word' id='word_1_237' title='bbox 710 3314 808 3385; x_wconf 86' lang='lat' dir='ltr'>bona</span> <span class='ocrx_word' id='word_1_238' title='bbox 825 3333 968 3405; x_wconf 89' lang='lat' dir='ltr'>quoque</span> <span class='ocrx_word' id='word_1_239' title='bbox 979 3313 1077 3408; x_wconf 87' lang='lat' dir='ltr'>Jesus</span> <span class='ocrx_word' id='word_1_240' title='bbox 1088 3337 1199 3390; x_wconf 82' lang='lat' dir='ltr'>evan·</span> 
     </span>
     <span class='ocr_line' id='line_1_31' title="bbox 142 3409 1199 3511; baseline 0.002 -22"><span class='ocrx_word' id='word_1_241' title='bbox 142 3420 295 3511; x_wconf 78' lang='lat' dir='ltr'>gelizet,</span> <span class='ocrx_word' id='word_1_242' title='bbox 324 3435 400 3504; x_wconf 84' lang='lat' dir='ltr'>quae</span> <span class='ocrx_word' id='word_1_243' title='bbox 422 3433 497 3484; x_wconf 92' lang='lat' dir='ltr'>non</span> <span class='ocrx_word' id='word_1_244' title='bbox 519 3412 714 3485; x_wconf 85' lang='lat' dir='ltr'>aliasunta</span> <span class='ocrx_word' id='word_1_245' title='bbox 733 3409 767 3483; x_wconf 87' lang='lat' dir='ltr'>sc</span> <span class='ocrx_word' id='word_1_246' title='bbox 784 3410 883 3504; x_wconf 87' lang='lat' dir='ltr'>ipso,</span> <span class='ocrx_word' id='word_1_247' title='bbox 910 3414 1199 3507; x_wconf 83' lang='lat' dir='ltr'>quandoquidem</span> 
     </span>
     <span class='ocr_line' id='line_1_32' title="bbox 144 3508 1242 3607; baseline 0 -18"><span class='ocrx_word' id='word_1_248' title='bbox 144 3514 291 3606; x_wconf 85' lang='lat' dir='ltr'>seipsum</span> <span class='ocrx_word' id='word_1_249' title='bbox 306 3515 374 3585; x_wconf 81' lang='lat' dir='ltr'>illis</span> <span class='ocrx_word' id='word_1_250' title='bbox 386 3513 609 3607; x_wconf 83' lang='lat' dir='ltr'>evangelizat</span> <span class='ocrx_word' id='word_1_251' title='bbox 625 3510 719 3585; x_wconf 86' lang='lat' dir='ltr'>filius</span> <span class='ocrx_word' id='word_1_252' title='bbox 733 3511 817 3603; x_wconf 89' lang='lat' dir='ltr'>Dei,</span> <span class='ocrx_word' id='word_1_253' title='bbox 833 3513 893 3603; x_wconf 87' lang='lat' dir='ltr'>qui</span> <span class='ocrx_word' id='word_1_254' title='bbox 907 3511 1017 3604; x_wconf 89' lang='lat' dir='ltr'>ipsum</span> <span class='ocrx_word' id='word_1_255' title='bbox 1034 3532 1096 3604; x_wconf 87' lang='lat' dir='ltr'>per</span> <span class='ocrx_word' id='word_1_256' title='bbox 1108 3516 1199 3589; x_wconf 75' lang='lat' dir='ltr'>alios</span> <span class='ocrx_word' id='word_1_257' title='bbox 1240 3508 1242 3513; x_wconf 73' lang='grc'>’</span> 
     </span>
     <span class='ocr_line' id='line_1_33' title="bbox 145 3609 1204 3706; baseline 0 -19"><span class='ocrx_word' id='word_1_258' title='bbox 145 3614 279 3689; x_wconf 87' lang='lat' dir='ltr'>discere</span> <span class='ocrx_word' id='word_1_259' title='bbox 294 3630 488 3702; x_wconf 83' lang='lat' dir='ltr'>nequeunt</span> <span class='ocrx_word' id='word_1_260' title='bbox 519 3612 780 3686; x_wconf 83' lang='lat' dir='ltr'>Verumtamen</span> <span class='ocrx_word' id='word_1_261' title='bbox 796 3613 854 3702; x_wconf 92' lang='lat' dir='ltr'>qui</span> <span class='ocrx_word' id='word_1_262' title='bbox 871 3609 1028 3684; x_wconf 89' lang='lat' dir='ltr'>ascendit</span> <span class='ocrx_word' id='word_1_263' title='bbox 1042 3630 1204 3706; x_wconf 76' lang='lat' dir='ltr'>morter,</span> 
     </span>
     <span class='ocr_line' id='line_1_34' title="bbox 146 3709 1281 3808; baseline -0.002 -19"><span class='ocrx_word' id='word_1_264' title='bbox 146 3716 210 3789; x_wconf 84' lang='lat' dir='ltr'>illia</span> <span class='ocrx_word' id='word_1_265' title='bbox 225 3714 477 3808; x_wconf 81' lang='lat' dir='ltr'>evangelizans</span> <span class='ocrx_word' id='word_1_266' title='bbox 493 3711 613 3804; x_wconf 84' lang='lat' dir='ltr'>bona,</span> <span class='ocrx_word' id='word_1_267' title='bbox 639 3709 734 3784; x_wconf 87' lang='lat' dir='ltr'>haud</span> <span class='ocrx_word' id='word_1_268' title='bbox 750 3714 976 3805; x_wconf 87' lang='lat' dir='ltr'>contemptui</span> <span class='ocrx_word' id='word_1_269' title='bbox 991 3715 1100 3786; x_wconf 87' lang='lat' dir='ltr'>habet</span> <span class='ocrx_word' id='word_1_270' title='bbox 1118 3735 1205 3804; x_wconf 86' lang='lat' dir='ltr'>pau·</span> <span class='ocrx_word' id='word_1_271' title='bbox 1279 3742 1281 3747; x_wconf 94' lang='lat'>·</span> 
     </span>
     <span class='ocr_line' id='line_1_35' title="bbox 147 3809 1204 3910; baseline -0.001 -25"><span class='ocrx_word' id='word_1_272' title='bbox 147 3836 251 3908; x_wconf 83' lang='lat' dir='ltr'>perer</span> <span class='ocrx_word' id='word_1_273' title='bbox 272 3815 417 3904; x_wconf 88' lang='lat' dir='ltr'>spiritu,</span> <span class='ocrx_word' id='word_1_274' title='bbox 444 3813 587 3884; x_wconf 82' lang='lat' dir='ltr'>abono</span> <span class='ocrx_word' id='word_1_275' title='bbox 612 3813 676 3884; x_wconf 90' lang='lat' dir='ltr'>illo</span> <span class='ocrx_word' id='word_1_276' title='bbox 703 3809 851 3884; x_wconf 68' lang='lat' dir='ltr'>edoctus</span> <span class='ocrx_word' id='word_1_277' title='bbox 878 3811 1006 3900; x_wconf 81' lang='lat' dir='ltr'>Patra,</span> <span class='ocrx_word' id='word_1_278' title='bbox 1032 3819 1088 3910; x_wconf 68' lang='lat' dir='ltr'>qui</span> <span class='ocrx_word' id='word_1_279' title='bbox 1107 3815 1204 3904; x_wconf 83' lang='lat' dir='ltr'>solem</span> 
     </span>
     <span class='ocr_line' id='line_1_36' title="bbox 147 3909 1205 4009; baseline 0.001 -26"><span class='ocrx_word' id='word_1_280' title='bbox 147 3917 233 4002; x_wconf 76' lang='lat' dir='ltr'>[aum</span> <span class='ocrx_word' id='word_1_281' title='bbox 254 3917 375 3985; x_wconf 79' lang='lat' dir='ltr'>exoriri</span> <span class='ocrx_word' id='word_1_282' title='bbox 390 3912 569 4000; x_wconf 70' lang='lat' dir='ltr'>fatitjnner</span> <span class='ocrx_word' id='word_1_283' title='bbox 586 3912 677 3983; x_wconf 85' lang='lat' dir='ltr'>bonas</span> <span class='ocrx_word' id='word_1_284' title='bbox 693 3909 733 3984; x_wconf 59' lang='grc' dir='ltr'>Θ</span> <span class='ocrx_word' id='word_1_285' title='bbox 749 3913 865 3998; x_wconf 82' lang='lat' dir='ltr'>malas,</span> <span class='ocrx_word' id='word_1_286' title='bbox 892 3911 930 3988; x_wconf 67' lang='lat' dir='ltr'>(u</span> <span class='ocrx_word' id='word_1_287' title='bbox 943 3923 1000 4009; x_wconf 77' lang='lat' dir='ltr'>qai</span> <span class='ocrx_word' id='word_1_288' title='bbox 1015 3917 1099 4008; x_wconf 78' lang='lat' dir='ltr'>pluit</span> <span class='ocrx_word' id='word_1_289' title='bbox 1113 3914 1205 4007; x_wconf 78' lang='lat' dir='ltr'>[uper</span> 
     </span>
    </p>

    <p class='ocr_par' dir='ltr' id='par_1_5' title="bbox 92 4010 1232 4217">
     <span class='ocr_line' id='line_1_37' title="bbox 92 4010 1232 4195; baseline -0.006 -105"><span class='ocrx_word' id='word_1_290' title='bbox 92 4030 99 4147; x_wconf 60' lang='lat' dir='ltr'>l</span> <span class='ocrx_word' id='word_1_291' title='bbox 148 4015 235 4120; x_wconf 58' lang='lat' dir='ltr'>jerias</span> <span class='ocrx_word' id='word_1_292' title='bbox 254 4015 293 4098; x_wconf 65' lang='grc' dir='ltr'>(Ἰ</span> <span class='ocrx_word' id='word_1_293' title='bbox 310 4010 457 4111; x_wconf 57' lang='lat' dir='ltr'>injurios.</span> <span class='ocrx_word' id='word_1_294' title='bbox 510 4011 758 4195; x_wconf 74' lang='lat' dir='ltr'>Namquechis</span> <span class='ocrx_word' id='word_1_295' title='bbox 784 4031 933 4111; x_wconf 83' lang='lat' dir='ltr'>quoque</span> <span class='ocrx_word' id='word_1_296' title='bbox 962 4015 1232 4193; x_wconf 36' lang='lat' dir='ltr'>evangsstamssl</span> 
     </span>
     <span class='ocr_line' id='line_1_38' title="bbox 92 4131 1177 4217; baseline -0.002 -26"><span class='ocrx_word' id='word_1_297' title='bbox 92 4164 96 4191; x_wconf 86' lang='lat'>.</span> <span class='ocrx_word' id='word_1_298' title='bbox 727 4138 749 4217; x_wconf 73' lang='lat'><strong><em>5</em></strong></span> <span class='ocrx_word' id='word_1_299' title='bbox 1106 4131 1177 4192; x_wconf 75' lang='lat' dir='ltr'>reu</span> 
     </span>
    </p>
   </div>
   <div class='ocr_carea' id='block_1_5' title="bbox 0 0 1438 4575">
    <p class='ocr_par' dir='ltr' id='par_1_6' title="bbox 0 0 1438 4575">
     <span class='ocr_line' id='line_1_39' title="bbox 0 0 1438 4575; baseline 0 0"><span class='ocrx_word' id='word_1_300' title='bbox 0 0 1438 4575; x_wconf 95' lang='lat' dir='ltr'> </span> 
     </span>
    </p>
   </div>
  </div>
 </body>
</html>
