2817 4575
182 409 227 434 ..
322 367 416 484 ¹nr
452 365 749 480 rotumum
783 365 1082 494 rouusrr.
1138 329 1252 472 '292
1320 331 1322 340 ’

173 531 211 605 dr
238 532 297 602 iux
320 531 510 624 hominm,
548 531 856 608 confideretiones
887 545 1008 610 tamen
1042 532 1235 614 secundom

175 632 294 721 aliud,
319 630 462 706 &aliud
477 631 671 708 sumuntur.
723 632 811 706 Haec
825 636 945 726 itaque
964 634 1026 709 itur
1045 633 1247 722 hominurn*

174 730 306 806 dicitur
330 733 437 806 etiam
460 733 522 804 lux
544 732 703 827 gentium
728 731 820 826 apud
843 735 1058 829 prophetam
1083 731 1232 828 Esaiam,
1328 785 1331 798 ι

171 829 273 924 juxta
292 829 396 903 iilud:
426 833 503 902 Ecce
515 831 603 926 posui
620 847 651 903 te
667 839 703 906 t'n
725 833 943 929 testamentum
957 840 1099 928 generis,
1127 841 1163 902 in
1182 834 1235 905 lu·

172 953 235 1000 cem
256 935 416 1022 gentium·
443 931 579 1004 &huic
598 932 669 1004 ioci
695 928 850 1005 confisus
874 931 994 1006 David
1011 935 1048 1007 in
1071 932 1174 1040 sexto
1197 931 1232 1006 dt

171 1029 348 1125 vigesimo
367 1027 532 1104 Psalmo
521 1032 656 1122 inquit:
684 1035 843 1104 Dominus
871 1036 1063 1105 idaminotr'o
1085 1058 1167 1112 mea,
1159 1030 1233 1112 U
1271 1117 1274 1122 Ι

165 1129 257 1221 saltu
275 1154 358 1215 mea,
385 1155 474 1226 quem
492 1125 623 1200 timebo?
728 1189 731 1194 .

251 1251 306 1323 ¹9·
333 1228 424 1301 Sane
441 1229 483 1301 ad
502 1250 588 1321 eos,
615 1250 674 1322 qur
665 1226 835 1325 fingunt
852 1228 1050 1305 iabrtlosum
1068 1232 1113 1304 de
1129 1229 1232 1304 secu·

170 1327 247 1402 lis
238 1349 274 1399 m
299 1331 611 1426 conjugationibus
634 1345 900 1421 commentum,
928 1331 960 1406 ἀ
988 1329 1231 1418 existimante

168 1441 312 1507 mente,
328 1427 528 1501 &veritate
545 1427 742 1502 sermonem
760 1433 941 1522 vitamque
951 1432 1023 1522 jam
1040 1445 1120 1501 ante
1135 1427 1234 1506 ernis·
1242 1521 1246 1530 Ι

170 1523 251 1616 sos,
271 1529 304 1598 dt
321 1525 514 1619 productos
532 1527 653 1615 fuine,
669 1530 763 1601 haud
780 1530 964 1603 absurdum
983 1523 1033 1602 est
1054 1530 1137 1600 talia
1154 1527 1254 1602 moi

168 1645 261 1698 vere
279 1627 396 1700 dubia.
448 1629 650 1720 Quomodo
671 1631 766 1700 enim
793 1632 867 1701 vita
886 1629 1079 1709 ¹sermonis,
1103 1642 1144 1700 ut
1166 1627 1231 1721 ipfi

170 1725 340 1813 tradunt,
368 1724 527 1818 conjunx
544 1725 614 1799 effe
631 1727 756 1799 sumit
747 1748 783 1799 rn
800 1727 955 1801 marito?
995 1732 1086 1822 Quid
1100 1728 1231 1820 fatiunt

170 1826 340 1921 aflenim,
366 1828 504 1915 inquit,
532 1831 568 1896 in
589 1827 649 1922 ipsa
665 1824 832 1920 (scilicet
846 1826 1014 1920 predicto
1035 1824 1229 1922 sermone)

171 1930 343 1997 viruerat
375 1913 517 2012 Dicant
526 1946 614 2040 ergo
634 1926 760 2016 nobis,
786 1929 974 2018 quomodo
993 1928 1151 2018 conjunx
1164 1926 1233 2000 ser-

173 2027 291 2098 monis
309 2024 383 2126 vita
398 2023 488 2096 fatie
505 2024 571 2097 srt
561 2041 598 2097 m
612 2022 799 2116 sermone,
817 2024 1051 2116 &quomodo
1068 2026 1139 2118 ipsa
1154 2026 1232 2102 vite
1304 2107 1306 2112 ,

161 2121 293 2218 ¹potius
315 2119 418 2213 quam
439 2121 554 2197 sermo
573 2127 635 2198 lux
656 2125 697 2198 srt
714 2124 911 2199 hominurn.
961 2125 1101 2196 Verum
1120 2123 1232 2198 enim'-
1241 2119 1243 2126 ’
1306 2119 1308 2126 ’

171 2225 475 2314 veroprobabiie
499 2219 589 2316 est,
598 2239 639 2297 ut
663 2225 732 2297 viri
757 2226 907 2299 meliore
931 2237 1064 2299 mente
1077 2224 1231 2318 prediti,

172 2326 230 2415 qui
250 2322 500 2415 questionibus
518 2338 802 2419 permoventur,
830 2326 1056 2399 dubitatione
1070 2325 1136 2397 hac
1150 2326 1230 2416 per'·

173 2423 284 2515 culis,
311 2444 356 2497 ex
380 2420 529 2497 adverso
555 2445 624 2501 nos
650 2425 903 2521 interrogent,
928 2437 1165 2518 urgeantque,
1190 2423 1230 2511 ni

172 2523 414 2595 invenerimus
433 2522 589 2616 causam,
603 2542 680 2638 oper
705 2543 808 2614 quam
832 2523 946 2595 sermo
964 2544 1040 2596 non
1057 2523 1098 2597 srt
1116 2522 1230 2621 ditius

172 2624 234 2693 lux
258 2622 468 2710 hominum,
493 2621 552 2695 sed
576 2623 671 2715 vita,
705 2645 780 2710 qnae
807 2621 898 2694 facia
926 2620 1039 2695 estro
1066 2614 1229 2695 sermono

173 2720 268 2816 ipso
287 2723 413 2811 quibua
433 2722 514 2792 talia
531 2720 838 2814 respondebimus:
860 2722 982 2794 Vitam
1001 2724 1096 2793 hoc
1088 2742 1123 2792 rn
1139 2720 1228 2792 ioco

170 2842 247 2895 non
262 2841 339 2894 eam
358 2819 526 2916 intelligi,
552 2841 656 2911 quam
673 2822 912 2893 communiter
932 2821 1166 2914 participant,
1193 2819 1230 2894 dt
1325 2870 1329 2885 .

171 2921 322 2993 rationis
338 2940 509 3012 capaces,
536 2920 713 3013 &bruta,
740 2918 796 2992 sed
816 2940 914 3008 eam,
942 2939 1018 3010 quae
1037 2919 1228 3010 complete

172 3021 208 3093 in
237 3020 342 3093 nobis
368 3021 501 3093 rationi
529 3017 762 3112 supervenit,
796 3017 931 3111 sumpta
951 3018 1230 3112 participatione

170 3119 250 3194 ἄπο
272 3146 318 3190 ra
335 3144 465 3221 argere
483 3131 576 3214 >repe
595 3116 698 3213 (hoc
717 3118 768 3189 est
785 3120 959 3190 aratione
980 3116 1142 3212 prima),
1166 3138 1227 3189 cu·

169 3222 224 3315 jus
254 3219 290 3290 in
316 3220 434 3311 primis
459 3220 543 3291 vitae
565 3220 756 3310 participes
781 3214 971 3308 efficimur,
997 3230 1038 3289 ut
1058 3221 1102 3289 ab
1122 3234 1228 3309 appa·

147 3396 152 3407 ⁴
172 3337 293 3406 rente,
320 3338 389 3391 nec
405 3336 494 3391 vere
513 3316 687 3391 existente
700 3317 777 3388 vita
796 3317 1032 3403 abducamur,
1058 3319 1168 3387 vitam
1188 3316 1247 3387 ii·-
1305 3358 1307 3363 ·

171 3421 239 3491 lam
265 3438 354 3491 vere
378 3416 586 3493 existentem
610 3436 738 3511 capere
760 3417 1021 3507 defiderantes,
1056 3436 1122 3505 qua
1148 3432 1228 3507 per·

171 3532 279 3609 cepta
295 3536 381 3589 mox
395 3518 431 3589 in
448 3519 554 3589 nobis
571 3518 657 3588 oriri
670 3517 775 3588 etiam
793 3516 940 3588 dicimus
956 3514 1228 3589 fundamentum

171 3618 262 3691 lucis
287 3617 517 3708 cognitionis.
569 3615 618 3688 Et
642 3613 793 3691 fortaffia
817 3613 889 3707 ipsa
913 3616 989 3689 haec
1014 3616 1089 3683 vita
1113 3633 1226 3706 penes

171 3716 346 3809 quosdam
365 3717 503 3804 qurdem
521 3717 704 3808 potentia
725 3735 799 3788 non
814 3713 914 3804 adiu
932 3715 992 3785 lux
1010 3712 1078 3786 est
1097 3733 1230 3806 nempe

170 3836 283 3911 penes
309 3833 392 3900 eos,
418 3817 476 3904 qui
495 3815 659 3909 minime,
687 3835 764 3906 quae
788 3815 831 3886 ad
851 3813 1098 3909 cognitionem
1120 3814 1230 3905 perti·

173 3931 274 4003 nent,
287 3916 466 4003 inquirere
478 3917 720 3988 contendunt:
747 3914 840 4009 apud
857 3912 1029 4003 quosdam
1044 3932 1133 3984 tero
1146 3908 1226 3983 actu

174 4022 280 4093 etiam
303 4012 446 4161 initos
433 4034 505 4110 Jatn
526 4016 666 4093 lucem·
654 4035 795 4197 ,Nquoa
818 4033 884 4091 eos
908 4010 978 4089 effe
1003 4010 1244 4200 “Qm

207 4170 210 4175 ·
725 4138 745 4213 3
