2817 4575
260 343 265 350 ’
300 309 719 462 .rn'··]oaune··u·
743 341 1047 440 nonnum:
1116 336 1205 492 '³2⁸⁹'

134 525 215 602 irnt.
267 523 509 622 illudentem
526 522 671 600 difficile
685 525 736 600 est
751 541 960 600 cernentem
975 523 1198 619 uniucuju-

136 647 207 718 quc
235 627 507 722 contingentem
528 627 766 700 mutationem
789 626 826 699 in
851 623 978 719 melius
999 627 1059 698 vel
1078 628 1115 700 in
1135 647 1197 720 pe·

132 728 218 818 jus,
245 725 430 822 diligenter
449 724 647 819 perspicere
664 746 710 798 ex
727 726 800 813 hie,
826 729 904 817 quae
921 723 1093 820 diximus,
1115 745 1209 826 ,quen

136 823 181 897 ad
201 844 328 898 omnes
348 826 512 897 tenebras
535 825 738 918 hominum,
765 824 897 917 &que
919 823 963 897 ad
986 824 1079 898 hanc
1102 841 1220 904 mur-T·

135 937 211 998 tem
231 924 268 996 in
286 926 445 996 tenebris
464 926 649 998 hominum
664 922 879 999 existentem
897 926 1090 1018 pertinent.
1184 929 1187 934 '
1209 1005 1211 1010 ,

214 1044 268 1109 rs.
305 1021 480 1096 Caeterum
507 1026 612 1097 valde
639 1021 763 1097 coaiie
788 1024 953 1099 adhunc
982 1027 1201 1118 contextum,
1253 1093 1256 1104 s

133 1124 286 1195 venient
307 1122 532 1199 Heracleon:
566 1125 662 1217 Quod
679 1122 809 1216 fatiam
825 1124 864 1222 est
879 1124 1084 1217 irrupto-viro
1102 1141 1194 1198 nar:

126 1227 173 1317 jn
193 1222 254 1316 ipso
275 1223 532 1314 interpretatus
557 1222 626 1311 est,
652 1223 689 1296 in
709 1226 912 1299 hominibus
938 1220 1195 1314 spiritualibus:
1317 1295 1319 1304 .

133 1320 231 1414 quast
255 1318 474 1403 sermonem,
500 1322 534 1395 dt
556 1322 753 1417 spirituale:
778 1324 873 1401 idem
904 1320 975 1396 effe
1005 1325 1196 1396 arbitratur

127 1420 256 1496 'sumit
308 1417 394 1494 Etsi
409 1440 484 1493 non
504 1433 626 1515 aperte
641 1423 676 1495 id
694 1425 846 1512 dixerit,
873 1437 910 1497 at
926 1423 1041 1496 veluti
1058 1419 1196 1498 causam

132 1519 291 1593 reddent
307 1519 443 1611 inquit:
476 1520 573 1616 Ipsum
592 1527 677 1593 enim
690 1530 826 1620 primam
837 1524 1077 1617 formationem,
1095 1523 1195 1619 quanli
1285 1513 1296 1532 ⁵

130 1636 240 1693 ortum
266 1626 410 1706 attinet,
438 1624 506 1716 t'psst
527 1626 681 1717 praebtrit,
707 1626 745 1695 ab
767 1625 830 1694 aiio
847 1620 1050 1721 praettrmr'ffir
1071 1628 1106 1696 r‘n
1125 1623 1197 1716 {ote

130 1745 238 1814 mum>
263 1711 303 1794 θ’
324 1721 614 1815 iiuminotiunem,
641 1722 939 1798 &delineationem
957 1728 1115 1819 propriant
1137 1726 1197 1795 dtr-⁸
1320 1809 1322 1816 Ι

131 1844 204 1892 cens
223 1821 261 1895 o
279 1819 447 1914 attendens.
498 1817 590 1895 Non
611 1819 822 1916 observavit
844 1835 963 1899 autem
981 1822 1126 1896 Paulum
1149 1823 1197 1898 de

134 1917 371 2014 spiritualibus
389 1922 614 2016 loquentem,
634 1943 699 1995 eoa
718 1922 881 1997 homines
899 1921 982 2012 effe,
1000 1917 1196 1996 reticuiliet

131 2020 297 2093 Animalia
317 2023 431 2110 enim,
457 2023 593 2115 inquit,
620 2023 710 2093 itomo
727 2047 794 2093 nan
811 2017 940 2119 recipit,
958 2021 1116 2120 questrat
1133 2018 1197 2116 [pi-
1284 2046 1288 2074 ¹

129 2127 221 2206 ¹ritus
239 2123 322 2192 Dei:
340 2119 485 2216 stultitia
499 2146 585 2192 enam
601 2124 640 2217 eft
656 2125 705 2194 iii
714 2148 726 2191 .·
750 2140 787 2193 at
791 2121 973 2220 spiritualia
986 2128 1092 2191 omnio
1108 2121 1196 2218 dijii·

130 2224 228 2295 dteat.
279 2216 363 2293 Nos
382 2221 476 2295 enim
495 2221 644 2297 dicimur
661 2242 739 2297 non
759 2225 803 2297 ab
823 2241 864 2297 re
883 2241 1018 2297 nomen
1040 2221 1196 2296 hominia
1293 2294 1299 2313 ,

130 2342 152 2393 a
179 2319 291 2392 Paulo
315 2317 600 2415 pretermilium,
628 2342 709 2398 cum
732 2319 946 2417 spiritualem
964 2322 1121 2414 diceret,
1146 2336 1198 2415 eo

134 2420 233 2513 quod
250 2416 468 2512 prestantius
486 2421 650 2511 quiddam
663 2420 852 2516 spiritualia
869 2421 933 2516 srt„
948 2439 1052 2516 quam
1068 2420 1195 2497 homo:

134 2538 265 2609 nempe
285 2518 454 2601 homine,
480 2523 540 2592 vel
566 2521 603 2593 in
624 2524 760 2614 anima,
786 2523 848 2596 vel
865 2524 904 2605 in
932 2540 1110 2614 corpore,
1132 2514 1197 2594 vel

132 2620 169 2691 in
193 2618 354 2713 utrisque
376 2620 527 2695 formam
548 2620 767 2715 accipiente:
792 2640 869 2694 non
891 2623 940 2694 ita
956 2639 1050 2694 vero
1071 2623 1108 2692 in
1128 2616 1197 2713 spi·-

132 2720 228 2808 ritu,
255 2716 308 2790 bis
327 2718 437 2813 longe
457 2717 655 2805 diviniore:
680 2719 873 2794 secundum
887 2717 989 2815 cujus
1006 2720 1200 2812 participa-¹
1242 2732 1244 2737 ·

134 2818 275 2890 tionem
294 2819 548 2909 prevalentem
568 2818 618 2891 est
637 2820 835 2911 spiritualis.
885 2812 1061 2892 Preterea
1085 2836 1196 2909 vero,

135 2938 212 3008 quae
227 2917 271 2988 ad
289 2917 395 2989 talem
414 2919 625 3009 opinionem
642 2917 821 3013 spetiant,
846 2921 908 2991 vel
921 2917 995 2993 line
1011 2917 1197 3010 apparenti
1302 2940 1314 2971 c

131 3012 439 3091 demonstratione
458 3019 644 3109 enunciat,
661 3040 709 3091 ne
721 3017 940 3091 mediocrem
959 3017 1102 3107 quidem
1116 3034 1196 3111 per·

86 3186 89 3199 ,
135 3109 329 3188 suasionem
357 3116 533 3211 attingere
554 3119 704 3210 valens,
732 3114 932 3192 differendo
954 3117 999 3190 dc
1018 3117 1119 3191 hince
1140 3136 1196 3191 tc·

130 3217 213 3289 bue.
265 3212 334 3286 Sed
351 3214 395 3286 de
409 3216 474 3287 illo
488 3213 668 3289 hablenus.
1171 3214 1192 3233 ''
1288 3226 1292 3243 “

215 3316 271 3388 16.
299 3311 383 3409 Age
397 3334 486 3387 vero
502 3317 718 3405 inquiramus
738 3317 844 3390 etiam
859 3336 928 3392 noa
945 3317 1041 3409 hoc,
1061 3311 1196 3387 scilicet

134 3430 219 3488 num
244 3413 321 3485 vita
340 3427 417 3486 erat
436 3415 622 3488 hominum
648 3429 787 3489 tanturn
806 3417 889 3510 lux,
917 3417 949 3489 dt
977 3435 1051 3489 non
1071 3414 1196 3508 putiur

126 3515 292 3605 cujusvis
308 3514 345 3585 in
364 3513 585 3610 beatitudine
604 3512 798 3589 existentia.
830 3513 927 3590 Nam
947 3512 972 3588 li
991 3521 1065 3585 vita
1084 3513 1117 3585 dc
1135 3513 1196 3601 tear

134 3612 298 3683 bornicum
323 3611 415 3701 idem
440 3606 546 3705 sunt,
574 3613 612 3685 dc
636 3615 822 3693 hominum
842 3628 981 3687 tantum
1003 3611 1045 3686 srt
1067 3608 1197 3701 Christi

133 3712 220 3803 lux,
248 3710 432 3786 hominum
453 3726 592 3789 tanturn
615 3714 723 3786 etiam
745 3715 821 3786 vita
847 3713 939 3787 erit:
971 3711 1045 3785 huc
1065 3714 1196 3788 'etitem

133 3810 295 3904 suspicari
316 3830 416 3901 aeque
435 3808 578 3887 stultum
601 3810 672 3906 est,
698 3824 806 3902 atque
824 3812 989 3906 impium,
1017 3810 1197 3908 refragatae

130 3911 225 3983 tibus
261 3910 338 3982 aliis
370 3909 563 4004 Scripturie
594 3913 676 3987 huic
710 3912 984 4008 intelligentie:
1024 3910 1195 4002 liquidem

131 4008 274 4107 quanda
292 4002 545 4113 proficientur,
566 4015 704 4099 erimus
722 4026 895 4117 tanquam¹
907 4028 1017 4111 parea·
1033 4008 1204 4176 Αικξεκζι.

207 4174 211 4179 .
1122 4127 1148 4177 e
