2817 4575
261 287 275 346 l'
342 353 410 474 IN
443 293 738 476 J'Om'NNEM
773 353 973 460 TOMUS
1009 295 1063 438 ll.
1125 379 1230 494 Ιι99

166 515 242 609 est,
274 518 334 609 qui
361 517 458 592 Pauli
484 537 700 614 preceptum
728 541 807 595 cum
838 520 942 594 laude
972 518 1225 613 impleverint,

167 620 352 694 nimirum:
376 622 595 690 AEmuiomini
610 624 806 692 charismata
823 623 973 712 utiliora,
993 620 1121 711 quibus
1142 621 1223 694 cha·

166 717 369 789 riamatibus
389 721 510 791 utilius
530 724 616 792 illud
632 720 697 811 ost,
715 721 813 810 quod
831 721 998 812 omnibus
1011 720 1116 792 etiam
1136 739 1223 810 pre·

164 818 335 909 ponitur,
359 838 488 909 nempe
513 819 689 912 sapientie
707 820 843 911 sermo,
870 841 976 912 quem
994 840 1079 892 mox
1101 817 1223 934 cogni

167 917 279 987 tionis
294 915 410 990 sermo
427 917 594 1008 sequitur.
646 920 720 1013 Jam
739 921 929 1010 veroquid
947 916 1138 991 differant
1128 930 1223 992 mter

163 1011 200 1087 se
215 1015 416 1105 sapientiae,
444 1017 711 1114 &cognitionis
729 1017 920 1114 significata
938 1016 1009 1110 ipsa
1023 1032 1151 1092 mutuo
1168 1020 1221 1091 in
1301 1037 1306 1052 ·

162 1114 271 1189 tecle
295 1118 447 1210 collata,
473 1139 549 1190 non
573 1119 624 1191 est
642 1117 822 1213 presentie
844 1119 1017 1209 temporis
1042 1114 1220 1190 dilierece.¹
1253 1143 1259 1166 ι

242 1236 298 1289 20.
329 1217 375 1286 El
389 1219 478 1288 lux
466 1243 502 1287 m
521 1221 656 1290 leucbrcs
672 1222 771 1305 suaet,
797 1220 835 1295 U
852 1218 984 1292 tenebra
1000 1241 1067 1288 eam
1083 1241 1147 1288 non
1163 1239 1219 1310 ap·

160 1315 410 1412 prehenderunt,
463 1317 593 1391 Adhuc
610 1321 654 1391 de
668 1321 854 1392 hominum
870 1321 970 1405 luce,
996 1318 1164 1409 quoniam
1180 1316 1219 1390 iu

163 1415 293 1486 ordine
312 1418 420 1507 prima
439 1416 508 1509 eil,
534 1419 763 1511 inquirimus,
790 1433 895 1510 atque
914 1421 1043 1508 etiam,
1070 1419 1218 1510 opinor,

159 1517 207 1587 de
232 1512 310 1611 ejus
332 1521 536 1607 contrario,
562 1539 692 1611 nempe
711 1520 891 1611 tenebris,
917 1516 1107 1609 dequibus
1128 1536 1219 1588 non·
1292 1593 1294 1598 ,

162 1614 245 1687 dum
276 1614 530 1703 inquisivimus.
573 1618 641 1689 De
667 1619 852 1691 hominum
879 1632 997 1691 autem
1028 1615 1134 1694 luce,
1165 1617 1219 1688 in·

161 1735 285 1804 quam,
311 1720 480 1804 quoniam
497 1715 641 1789 fortasse
657 1718 718 1789 lux
734 1718 919 1791 hominum
936 1733 1049 1812 genus
1067 1714 1117 1788 est
1136 1713 1219 1802 dua·

163 1833 241 1886 rum
257 1812 456 1927 specialium
472 1834 612 1903 cerom3
628 1832 737 1931 atque
756 1818 862 1890 eriam
877 1816 1032 1890 similiter
1046 1815 1216 1890 tenebre.

162 1911 352 2008 Contingit
374 1916 490 2004 enim,
516 1918 637 2006 utqui
660 1917 779 1989 lucem
801 1916 986 1988 hominum
1008 1903 1219 2005 possederit,
1262 1943 1270 1965 ι

163 2011 440 2105 &splendorum
457 2017 531 2105 ejus
549 2018 724 2109 particeps
744 2016 878 2106 fuerit,
904 2033 1017 2108 opera
1032 2015 1120 2086 lucia
1139 2032 1220 2104 per·¹

161 2109 281 2195 liciat,
308 2112 546 2188 &illustratos
568 2112 723 2188 scientiae
746 2117 863 2188 lucem
883 2110 1104 2208 cognoscat.
1123 2112 1219 2185 idem

160 2212 236 2305 pari
264 2216 406 2285 ratione
430 2234 475 2285 ex
498 2218 688 2309 contrariis
711 2213 978 2289 existimandum
999 2212 1070 2302 eil,
1096 2212 1219 2305 pravis

160 2314 333 2385 videlicet
356 2312 574 2406 uolonibus,
600 2316 822 2409 descientia,
849 2334 926 2407 quae
950 2314 1126 2403 opinione
1144 2314 1220 2404 qui·

162 2412 239 2486 dem
261 2410 321 2499 fit,
346 2429 474 2485 revera
494 2436 571 2487 non
594 2414 659 2508 fit,
685 2418 864 2491 rationem
884 2413 1096 2501 habentibus
1118 2426 1220 2516 tene·
1237 2440 1241 2447 ·

162 2513 314 2586 brucum.
362 2511 411 2582 Et
424 2515 521 2604 quod
539 2518 679 2605 quidem
694 2536 750 2587 res
767 2517 809 2587 ad
826 2513 999 2608 agendum
1019 2525 1139 2604 aptas,
1137 2505 1219 2583 lu-

161 2630 237 2685 cem
260 2612 372 2686 soleat
387 2611 568 2705 Scriptura
584 2614 678 2688 saera
700 2614 847 2703 dicere,
868 2613 985 2704 inquit
1002 2609 1222 2683 Esaiaszlio

161 2713 238 2808 quud
260 2712 321 2782 iuer
338 2712 402 2805 ficit
420 2716 572 2783 manduca
589 2731 646 2785 cua
666 2735 721 2809 per
738 2731 876 2800 terram,
903 2711 1106 2785 &David
1096 2730 1134 2783 ln
1161 2710 1220 2781 de·

163 2814 258 2887 timo
286 2809 421 2884 oiiuvo
444 2812 594 2887 Psalmo:
624 2816 819 2886 Mandalum
842 2814 974 2884 Domini
992 2811 1128 2884 lucidum
1147 2811 1221 2881 illu.
1269 2860 1272 2871 .

160 2919 291 2983 minam
315 2915 423 2988 uului.
475 2914 586 3011 Quod
612 2935 703 2987 vero
731 2929 858 3006 praeter
884 2910 1048 2986 mandata
1073 2908 1106 2981 dc
1132 2906 1242 3002 pre·¹

163 3026 270 3104 cepta
285 3013 347 3085 lux
361 3011 404 3084 s1t
418 3014 575 3102 quodem
591 3011 756 3096 scientio,
773 3013 974 3087 invenimus
991 3010 1084 3102 apud
1100 3029 1220 3101 quem·

162 3112 241 3185 dam
267 3133 311 3183 ex
334 3111 556 3185 Duodecim:
590 3119 755 3186 Semiuale
775 3113 862 3183 uobis
886 3111 952 3206 ipfis
976 3113 1015 3180 ad
1036 3109 1217 3205 jullilr'ana,

160 3214 415 3303 nicodemianos
430 3210 578 3304 fielium
600 3219 702 3305 uita,
730 3216 908 3286 idaminaic
928 3210 1014 3282 volis
1036 3211 1102 3305 ipfis
1121 3211 1218 3279 lucem

154 3313 304 3402 sciencia.
339 3312 465 3384 Veluti
482 3314 577 3385 enim
594 3311 768 3386 existente
785 3314 852 3386 alia
866 3313 949 3386 luce
964 3312 1117 3384 scientie
1132 3328 1218 3400 prae-

160 3410 418 3502 immundata,
445 3413 592 3486 dicitur:
623 3416 799 3485 liumioace
813 3413 900 3483 uobis
924 3412 990 3507 lpfis
1005 3413 1119 3489 lucam,
1140 3424 1218 3479 non

161 3510 365 3605 simpliciter
384 3514 521 3601 lucem,
549 3509 606 3585 sed
629 3514 790 3603 qualem
816 3532 944 3601 nempe
967 3513 1082 3580 lucem
1108 3506 1218 3583 scien·

161 3612 230 3684 du.
283 3607 378 3681 Nam
398 3610 420 3682 sc
438 3613 572 3700 quovis
591 3613 675 3704 lux,
700 3633 803 3703 quam
821 3612 881 3684 sibl
898 3613 1009 3682 homo
1028 3608 1216 3694 illuminat,

160 3711 223 3783 lux
248 3709 403 3781 scientiae
422 3710 528 3795 elset,
554 3710 680 3784 frustra
702 3712 857 3784 additum
874 3707 1008 3781 suiliet:
1036 3708 1219 3779 illuminare

159 3808 362 3901 nobisipfisi
363 3813 604 3895 ucemscuncia
642 3810 773 3883 Rursus
791 3810 889 3902 quod
908 3810 1062 3881 tenebrae
1079 3807 1123 3880 de
1142 3827 1219 3897 pra
1317 3898 1319 3903 Ι

160 3914 218 3981 vis
246 3909 417 3998 operibus
445 3906 644 3998 sumantur,
669 3911 705 4005 ip
709 3909 743 3984 se
770 3909 962 4006 loannes
952 3928 990 3981 ιιι
1021 3909 1079 3981 sua
1106 3908 1218 3978 docet

160 4006 324 4151 iipistula
349 4008 493 4085 diceus·
527 4015 567 4084 Si
588 4014 784 4107 dixerimus,
809 4010 887 4111 qued
910 4014 1227 4083 communicationum

512 4156 516 4163 .
649 4110 742 4209 N4
1126 4124 1203 4171 ιιιιιι
