<?xml version="1.0" encoding="UTF-8"?>
<!DOCTYPE html PUBLIC "-//W3C//DTD XHTML 1.0 Transitional//EN"
    "http://www.w3.org/TR/xhtml1/DTD/xhtml1-transitional.dtd">
<html xmlns="http://www.w3.org/1999/xhtml" xml:lang="en" lang="en">
 <head>
  <title>
</title>
<meta http-equiv="Content-Type" content="text/html;charset=utf-8" />
  <meta name='ocr-system' content='tesseract 3.04.00' />
  <meta name='ocr-capabilities' content='ocr_page ocr_carea ocr_par ocr_line ocrx_word'/>
</head>
<body>
  <div class='ocr_page' id='page_1' title='image "./operaomniasanct07unkngoog_0291.png"; bbox 0 0 2817 4575; ppageno 0'>
   <div class='ocr_carea' id='block_1_1' title="bbox 262 327 1238 508">
    <p class='ocr_par' dir='ltr' id='par_1_1' title="bbox 262 327 1238 508">
     <span class='ocr_line' id='line_1_1' title="bbox 262 327 1238 508; baseline -0.005 -37"><span class='ocrx_word' id='word_1_1' title='bbox 262 327 269 346; x_wconf 39' lang='lat'>³</span> <span class='ocrx_word' id='word_1_2' title='bbox 347 389 413 471; x_wconf 85' lang='lat' dir='ltr'>ru</span> <span class='ocrx_word' id='word_1_3' title='bbox 450 357 742 489; x_wconf 76' lang='lat' dir='ltr'>jon&#39;rm&#39;ssr</span> <span class='ocrx_word' id='word_1_4' title='bbox 779 361 991 467; x_wconf 78' lang='lat' dir='ltr'>sonus</span> <span class='ocrx_word' id='word_1_5' title='bbox 1032 343 1119 470; x_wconf 87' lang='lat' dir='ltr'>1r.&#39;</span> <span class='ocrx_word' id='word_1_6' title='bbox 1164 410 1238 508; x_wconf 59' lang='lat' dir='ltr'>sag</span> 
     </span>
    </p>
   </div>
   <div class='ocr_carea' id='block_1_2' title="bbox 163 544 1264 654">
    <p class='ocr_par' dir='ltr' id='par_1_2' title="bbox 163 544 1264 654">
     <span class='ocr_line' id='line_1_2' title="bbox 163 544 1264 654; baseline -0.002 -25"><span class='ocrx_word' id='word_1_7' title='bbox 163 551 315 629; x_wconf 85' lang='lat' dir='ltr'>salutem</span> <span class='ocrx_word' id='word_1_8' title='bbox 336 557 372 629; x_wconf 92' lang='lat' dir='ltr'>in</span> <span class='ocrx_word' id='word_1_9' title='bbox 396 544 507 629; x_wconf 87' lang='lat' dir='ltr'>vitam</span> <span class='ocrx_word' id='word_1_10' title='bbox 528 555 726 639; x_wconf 81' lang='lat' dir='ltr'>advenerit.</span> <span class='ocrx_word' id='word_1_11' title='bbox 781 556 898 654; x_wconf 87' lang='lat' dir='ltr'>Quam</span> <span class='ocrx_word' id='word_1_12' title='bbox 921 554 1063 629; x_wconf 88' lang='lat' dir='ltr'>obrem</span> <span class='ocrx_word' id='word_1_13' title='bbox 1083 555 1233 628; x_wconf 86' lang='lat' dir='ltr'>nonin·</span> <span class='ocrx_word' id='word_1_14' title='bbox 1254 560 1264 586; x_wconf 84' lang='grc'>·’</span> 
     </span>
    </p>
   </div>
   <div class='ocr_carea' id='block_1_3' title="bbox 125 654 1329 4249">
    <p class='ocr_par' dir='ltr' id='par_1_3' title="bbox 125 654 1329 4249">
     <span class='ocr_line' id='line_1_3' title="bbox 168 654 1284 752; baseline 0.001 -25"><span class='ocrx_word' id='word_1_15' title='bbox 168 659 356 744; x_wconf 89' lang='lat' dir='ltr'>venimus,</span> <span class='ocrx_word' id='word_1_16' title='bbox 381 658 481 745; x_wconf 89' lang='lat' dir='ltr'>quod</span> <span class='ocrx_word' id='word_1_17' title='bbox 506 658 689 752; x_wconf 84' lang='lat' dir='ltr'>quisquam</span> <span class='ocrx_word' id='word_1_18' title='bbox 708 657 869 728; x_wconf 91' lang='lat' dir='ltr'>mittatur</span> <span class='ocrx_word' id='word_1_19' title='bbox 889 679 906 727; x_wconf 86' lang='lat' dir='ltr'>a</span> <span class='ocrx_word' id='word_1_20' title='bbox 928 656 1033 739; x_wconf 88' lang='lat' dir='ltr'>De0,</span> <span class='ocrx_word' id='word_1_21' title='bbox 1061 654 1232 748; x_wconf 79' lang='lat' dir='ltr'>positum,</span> <span class='ocrx_word' id='word_1_22' title='bbox 1282 705 1284 710; x_wconf 34' lang='lat' dir='ltr'>s</span> 
     </span>
     <span class='ocr_line' id='line_1_4' title="bbox 165 752 1302 849; baseline -0.002 -20"><span class='ocrx_word' id='word_1_23' title='bbox 165 755 230 829; x_wconf 88' lang='lat' dir='ltr'>nisr</span> <span class='ocrx_word' id='word_1_24' title='bbox 254 755 297 827; x_wconf 89' lang='lat' dir='ltr'>de</span> <span class='ocrx_word' id='word_1_25' title='bbox 319 753 463 836; x_wconf 70' lang='lat' dir='ltr'>sanctis:</span> <span class='ocrx_word' id='word_1_26' title='bbox 490 755 534 828; x_wconf 89' lang='lat' dir='ltr'>de</span> <span class='ocrx_word' id='word_1_27' title='bbox 554 755 659 840; x_wconf 72' lang='lat' dir='ltr'>Esaia,</span> <span class='ocrx_word' id='word_1_28' title='bbox 671 756 835 849; x_wconf 87' lang='lat' dir='ltr'>quidem,</span> <span class='ocrx_word' id='word_1_29' title='bbox 860 769 902 827; x_wconf 93' lang='lat' dir='ltr'>ut</span> <span class='ocrx_word' id='word_1_30' title='bbox 919 770 1025 828; x_wconf 85' lang='lat' dir='ltr'>antea</span> <span class='ocrx_word' id='word_1_31' title='bbox 1044 752 1238 847; x_wconf 77' lang='lat' dir='ltr'>proposui-&#39;²</span> <span class='ocrx_word' id='word_1_32' title='bbox 1300 813 1302 818; x_wconf 93' lang='lat'><em>.</em></span> 
     </span>
     <span class='ocr_line' id='line_1_5' title="bbox 167 855 1302 954; baseline 0 -30"><span class='ocrx_word' id='word_1_33' title='bbox 167 875 264 954; x_wconf 79' lang='lat' dir='ltr'>mus:</span> <span class='ocrx_word' id='word_1_34' title='bbox 285 855 328 926; x_wconf 89' lang='lat' dir='ltr'>de</span> <span class='ocrx_word' id='word_1_35' title='bbox 346 855 495 947; x_wconf 77' lang='lat' dir='ltr'>jeremia</span> <span class='ocrx_word' id='word_1_36' title='bbox 515 876 623 928; x_wconf 87' lang='lat' dir='ltr'>veto:</span> <span class='ocrx_word' id='word_1_37' title='bbox 642 860 690 925; x_wconf 81' lang='lat' dir='ltr'>At</span> <span class='ocrx_word' id='word_1_38' title='bbox 704 881 825 941; x_wconf 80' lang='lat' dir='ltr'>omues,</span> <span class='ocrx_word' id='word_1_39' title='bbox 843 858 883 926; x_wconf 79' lang='lat' dir='ltr'>ad</span> <span class='ocrx_word' id='word_1_40' title='bbox 896 881 969 952; x_wconf 78' lang='lat' dir='ltr'>quos</span> <span class='ocrx_word' id='word_1_41' title='bbox 983 858 1094 944; x_wconf 73' lang='lat' dir='ltr'>misero</span> <span class='ocrx_word' id='word_1_42' title='bbox 1108 874 1140 923; x_wconf 82' lang='lat' dir='ltr'>re</span> <span class='ocrx_word' id='word_1_43' title='bbox 1157 855 1240 925; x_wconf 57' lang='lat' dir='ltr'>ibis&amp;</span> <span class='ocrx_word' id='word_1_44' title='bbox 1300 919 1302 924; x_wconf 89' lang='lat'><em>.</em></span> 
     </span>
     <span class='ocr_line' id='line_1_6' title="bbox 167 951 1229 1047; baseline -0.001 -22"><span class='ocrx_word' id='word_1_45' title='bbox 167 954 215 1026; x_wconf 85' lang='lat' dir='ltr'>de</span> <span class='ocrx_word' id='word_1_46' title='bbox 239 951 409 1031; x_wconf 80' lang='lat' dir='ltr'><strong>Ezechiel</strong></span> <span class='ocrx_word' id='word_1_47' title='bbox 436 957 564 1029; x_wconf 84' lang='lat' dir='ltr'>etiam:</span> <span class='ocrx_word' id='word_1_48' title='bbox 596 957 670 1026; x_wconf 75' lang='lat' dir='ltr'>Ere</span> <span class='ocrx_word' id='word_1_49' title='bbox 681 981 735 1047; x_wconf 76' lang='lat' dir='ltr'>ego</span> <span class='ocrx_word' id='word_1_50' title='bbox 753 963 846 1024; x_wconf 80' lang='lat' dir='ltr'>mitro</span> <span class='ocrx_word' id='word_1_51' title='bbox 864 972 895 1025; x_wconf 80' lang='lat' dir='ltr'>te</span> <span class='ocrx_word' id='word_1_52' title='bbox 912 960 1072 1047; x_wconf 79' lang='lat' dir='ltr'>adgentes</span> <span class='ocrx_word' id='word_1_53' title='bbox 1095 957 1229 1047; x_wconf 73' lang='lat' dir='ltr'>reiedrs,</span> 
     </span>
     <span class='ocr_line' id='line_1_7' title="bbox 164 1054 1238 1148; baseline 0.001 -19"><span class='ocrx_word' id='word_1_54' title='bbox 164 1055 205 1129; x_wconf 68' lang='lat' dir='ltr'><strong><em>U</em></strong></span> <span class='ocrx_word' id='word_1_55' title='bbox 224 1057 399 1148; x_wconf 67' lang='lat' dir='ltr'>incredulas</span> <span class='ocrx_word' id='word_1_56' title='bbox 419 1058 511 1129; x_wconf 75' lang='lat' dir='ltr'>midi.</span> <span class='ocrx_word' id='word_1_57' title='bbox 565 1054 853 1128; x_wconf 87' lang='lat' dir='ltr'>Caeterumbaud</span> <span class='ocrx_word' id='word_1_58' title='bbox 874 1057 922 1127; x_wconf 91' lang='lat' dir='ltr'>ita</span> <span class='ocrx_word' id='word_1_59' title='bbox 942 1057 984 1125; x_wconf 92' lang='lat' dir='ltr'>ad</span> <span class='ocrx_word' id='word_1_60' title='bbox 1003 1054 1238 1148; x_wconf 80' lang='lat' dir='ltr'>propositum¹</span> 
     </span>
     <span class='ocr_line' id='line_1_8' title="bbox 163 1148 1309 1247; baseline 0.002 -21"><span class='ocrx_word' id='word_1_61' title='bbox 163 1153 311 1244; x_wconf 88' lang='lat' dir='ltr'>sumpta.</span> <span class='ocrx_word' id='word_1_62' title='bbox 323 1152 424 1227; x_wconf 86' lang='lat' dir='ltr'>fuisse</span> <span class='ocrx_word' id='word_1_63' title='bbox 438 1155 657 1228; x_wconf 88' lang='lat' dir='ltr'>uidebuntur</span> <span class='ocrx_word' id='word_1_64' title='bbox 671 1148 834 1247; x_wconf 79' lang='lat' dir='ltr'>euempia</span> <span class='ocrx_word' id='word_1_65' title='bbox 852 1155 1040 1247; x_wconf 86' lang='lat' dir='ltr'>miffionis,</span> <span class='ocrx_word' id='word_1_66' title='bbox 1060 1176 1140 1227; x_wconf 88' lang='lat' dir='ltr'>cum</span> <span class='ocrx_word' id='word_1_67' title='bbox 1156 1174 1226 1228; x_wconf 80' lang='lat' dir='ltr'>nor</span> <span class='ocrx_word' id='word_1_68' title='bbox 1263 1225 1268 1238; x_wconf 77' lang='grc'>,</span> <span class='ocrx_word' id='word_1_69' title='bbox 1307 1165 1309 1174; x_wconf 87' lang='grc'><strong>“</strong></span> 
     </span>
     <span class='ocr_line' id='line_1_9' title="bbox 164 1253 1225 1346; baseline 0.002 -22"><span class='ocrx_word' id='word_1_70' title='bbox 164 1256 363 1345; x_wconf 74' lang='lat' dir='ltr'>quaer&#39;amus</span> <span class='ocrx_word' id='word_1_71' title='bbox 376 1255 420 1327; x_wconf 91' lang='lat' dir='ltr'>de</span> <span class='ocrx_word' id='word_1_72' title='bbox 437 1255 615 1346; x_wconf 80' lang='lat' dir='ltr'>missione,</span> <span class='ocrx_word' id='word_1_73' title='bbox 643 1277 720 1346; x_wconf 84' lang='lat' dir='ltr'>quae</span> <span class='ocrx_word' id='word_1_74' title='bbox 737 1254 778 1327; x_wconf 84' lang='lat' dir='ltr'>fit</span> <span class='ocrx_word' id='word_1_75' title='bbox 796 1257 837 1328; x_wconf 88' lang='lat' dir='ltr'>ad</span> <span class='ocrx_word' id='word_1_76' title='bbox 858 1259 948 1327; x_wconf 90' lang='lat' dir='ltr'>banc</span> <span class='ocrx_word' id='word_1_77' title='bbox 967 1260 1097 1345; x_wconf 88' lang='lat' dir='ltr'>vitam,</span> <span class='ocrx_word' id='word_1_78' title='bbox 1117 1253 1225 1326; x_wconf 83' lang='lat' dir='ltr'>&amp;ilia</span> 
     </span>
     <span class='ocr_line' id='line_1_10' title="bbox 162 1351 1293 1448; baseline -0.001 -22"><span class='ocrx_word' id='word_1_79' title='bbox 162 1351 242 1426; x_wconf 83' lang='lat' dir='ltr'>nou</span> <span class='ocrx_word' id='word_1_80' title='bbox 262 1368 386 1448; x_wconf 90' lang='lat' dir='ltr'>aperte</span> <span class='ocrx_word' id='word_1_81' title='bbox 414 1356 554 1443; x_wconf 82' lang='lat' dir='ltr'>dicant,</span> <span class='ocrx_word' id='word_1_82' title='bbox 581 1356 733 1445; x_wconf 81' lang='lat' dir='ltr'>aliquem</span> <span class='ocrx_word' id='word_1_83' title='bbox 761 1355 970 1428; x_wconf 84' lang='lat' dir='ltr'>existentem</span> <span class='ocrx_word' id='word_1_84' title='bbox 1000 1368 1101 1426; x_wconf 84' lang='lat' dir='ltr'>extra</span> <span class='ocrx_word' id='word_1_85' title='bbox 1134 1353 1228 1425; x_wconf 84' lang='lat' dir='ltr'>hanc</span> <span class='ocrx_word' id='word_1_86' title='bbox 1291 1364 1293 1370; x_wconf 84' lang='lat'>&#39;</span> 
     </span>
     <span class='ocr_line' id='line_1_11' title="bbox 161 1449 1228 1542; baseline 0.002 -18"><span class='ocrx_word' id='word_1_87' title='bbox 161 1449 444 1542; x_wconf 82' lang='lat' dir='ltr'>vitam,&#39;miisum</span> <span class='ocrx_word' id='word_1_88' title='bbox 461 1454 560 1525; x_wconf 87' lang='lat' dir='ltr'>fuisse</span> <span class='ocrx_word' id='word_1_89' title='bbox 576 1457 611 1526; x_wconf 92' lang='lat' dir='ltr'>in</span> <span class='ocrx_word' id='word_1_90' title='bbox 629 1456 853 1532; x_wconf 86' lang='lat' dir='ltr'>hancvitam.</span> <span class='ocrx_word' id='word_1_91' title='bbox 881 1453 1050 1527; x_wconf 84' lang='lat' dir='ltr'>Attamen</span> <span class='ocrx_word' id='word_1_92' title='bbox 1062 1454 1107 1524; x_wconf 88' lang='lat' dir='ltr'>src</span> <span class='ocrx_word' id='word_1_93' title='bbox 1119 1454 1228 1526; x_wconf 90' lang='lat' dir='ltr'>etiam</span> 
     </span>
     <span class='ocr_line' id='line_1_12' title="bbox 162 1550 1321 1644; baseline -0.001 -18"><span class='ocrx_word' id='word_1_94' title='bbox 162 1553 252 1626; x_wconf 85' lang='lat' dir='ltr'><strong>nihil</strong></span> <span class='ocrx_word' id='word_1_95' title='bbox 276 1550 326 1625; x_wconf 90' lang='lat' dir='ltr'>est</span> <span class='ocrx_word' id='word_1_96' title='bbox 349 1553 485 1625; x_wconf 89' lang='lat' dir='ltr'>absurdi</span> <span class='ocrx_word' id='word_1_97' title='bbox 511 1558 713 1627; x_wconf 88' lang='lat' dir='ltr'>orationem</span> <span class='ocrx_word' id='word_1_98' title='bbox 738 1555 928 1627; x_wconf 85' lang='lat' dir='ltr'>transferre</span> <span class='ocrx_word' id='word_1_99' title='bbox 948 1554 990 1626; x_wconf 89' lang='lat' dir='ltr'>ad</span> <span class='ocrx_word' id='word_1_100' title='bbox 1011 1555 1064 1635; x_wconf 92' lang='lat' dir='ltr'>id,</span> <span class='ocrx_word' id='word_1_101' title='bbox 1090 1552 1226 1641; x_wconf 76' lang='lat' dir='ltr'>dequo</span> <span class='ocrx_word' id='word_1_102' title='bbox 1297 1573 1321 1644; x_wconf 58' lang='lat' dir='ltr'><strong><em>J</em></strong></span> 
     </span>
     <span class='ocr_line' id='line_1_13' title="bbox 163 1650 1227 1754; baseline 0.004 -32"><span class='ocrx_word' id='word_1_103' title='bbox 163 1654 375 1754; x_wconf 82' lang='lat' dir='ltr'>quaerimus,</span> <span class='ocrx_word' id='word_1_104' title='bbox 409 1654 432 1725; x_wconf 86' lang='lat' dir='ltr'>sr</span> <span class='ocrx_word' id='word_1_105' title='bbox 461 1655 617 1726; x_wconf 85' lang='lat' dir='ltr'>dicamus</span> <span class='ocrx_word' id='word_1_106' title='bbox 644 1656 742 1744; x_wconf 91' lang='lat' dir='ltr'>quod</span> <span class='ocrx_word' id='word_1_107' title='bbox 758 1687 777 1747; x_wconf 57' lang='lat'>,⁴</span> <span class='ocrx_word' id='word_1_108' title='bbox 804 1671 844 1726; x_wconf 89' lang='lat' dir='ltr'>ur</span> <span class='ocrx_word' id='word_1_109' title='bbox 872 1654 969 1725; x_wconf 88' lang='lat' dir='ltr'>soios</span> <span class='ocrx_word' id='word_1_110' title='bbox 989 1650 1152 1737; x_wconf 72' lang='lat' dir='ltr'>sansios,</span> <span class='ocrx_word' id='word_1_111' title='bbox 1181 1651 1227 1726; x_wconf 82' lang='lat' dir='ltr'>de</span> 
     </span>
     <span class='ocr_line' id='line_1_14' title="bbox 162 1752 1225 1842; baseline 0.006 -20"><span class='ocrx_word' id='word_1_112' title='bbox 162 1754 291 1842; x_wconf 89' lang='lat' dir='ltr'>quibus</span> <span class='ocrx_word' id='word_1_113' title='bbox 308 1753 422 1823; x_wconf 89' lang='lat' dir='ltr'>locuti</span> <span class='ocrx_word' id='word_1_114' title='bbox 441 1752 580 1841; x_wconf 91' lang='lat' dir='ltr'>sumus,</span> <span class='ocrx_word' id='word_1_115' title='bbox 606 1756 748 1825; x_wconf 90' lang='lat' dir='ltr'>mittere</span> <span class='ocrx_word' id='word_1_116' title='bbox 767 1755 895 1825; x_wconf 88' lang='lat' dir='ltr'>dicitur</span> <span class='ocrx_word' id='word_1_117' title='bbox 914 1755 1031 1837; x_wconf 88' lang='lat' dir='ltr'>Deus,</span> <span class='ocrx_word' id='word_1_118' title='bbox 1060 1752 1225 1828; x_wconf 58' lang='lat' dir='ltr'>sice-&#39;nm</span> 
     </span>
     <span class='ocr_line' id='line_1_15' title="bbox 157 1851 1289 1950; baseline -0.004 -25"><span class='ocrx_word' id='word_1_119' title='bbox 157 1854 209 1938; x_wconf 80' lang='lat' dir='ltr'>de</span> <span class='ocrx_word' id='word_1_120' title='bbox 222 1852 283 1949; x_wconf 35' lang='lat' dir='ltr'>‚his</span> <span class='ocrx_word' id='word_1_121' title='bbox 301 1851 570 1947; x_wconf 87' lang='lat' dir='ltr'>intelligendum</span> <span class='ocrx_word' id='word_1_122' title='bbox 590 1851 682 1944; x_wconf 82' lang='lat' dir='ltr'>esse,</span> <span class='ocrx_word' id='word_1_123' title='bbox 710 1855 769 1942; x_wconf 91' lang='lat' dir='ltr'>qui</span> <span class='ocrx_word' id='word_1_124' title='bbox 788 1854 959 1925; x_wconf 88' lang='lat' dir='ltr'>advitam</span> <span class='ocrx_word' id='word_1_125' title='bbox 974 1857 1178 1924; x_wconf 88' lang='lat' dir='ltr'>mittuntur.</span> <span class='ocrx_word' id='word_1_126' title='bbox 1284 1929 1289 1950; x_wconf 55' lang='lat'>„</span> 
     </span>
     <span class='ocr_line' id='line_1_16' title="bbox 169 1951 1229 2041; baseline 0.003 -21"><span class='ocrx_word' id='word_1_127' title='bbox 169 1965 182 1994; x_wconf 90' lang='lat'>··</span> <span class='ocrx_word' id='word_1_128' title='bbox 240 1971 298 2040; x_wconf 68' lang='grc' dir='ltr'>τις.</span> <span class='ocrx_word' id='word_1_129' title='bbox 324 1951 373 2021; x_wconf 81' lang='lat' dir='ltr'>Et</span> <span class='ocrx_word' id='word_1_130' title='bbox 390 1952 559 2041; x_wconf 89' lang='lat' dir='ltr'>quoniam</span> <span class='ocrx_word' id='word_1_131' title='bbox 579 1954 730 2024; x_wconf 87' lang='lat' dir='ltr'>omnino</span> <span class='ocrx_word' id='word_1_132' title='bbox 747 1954 782 2022; x_wconf 92' lang='lat' dir='ltr'>in</span> <span class='ocrx_word' id='word_1_133' title='bbox 802 1954 948 2035; x_wconf 78' lang='lat' dir='ltr'>loannis</span> <span class='ocrx_word' id='word_1_134' title='bbox 970 1952 1132 2023; x_wconf 82' lang='lat' dir='ltr'>sermone</span> <span class='ocrx_word' id='word_1_135' title='bbox 1148 1969 1229 2023; x_wconf 88' lang='lat' dir='ltr'>ver·</span> 
     </span>
     <span class='ocr_line' id='line_1_17' title="bbox 162 2048 1233 2145; baseline -0.002 -22"><span class='ocrx_word' id='word_1_136' title='bbox 162 2048 305 2140; x_wconf 79' lang='lat' dir='ltr'>sa&#39;r&#39;nur,</span> <span class='ocrx_word' id='word_1_137' title='bbox 332 2050 437 2141; x_wconf 82' lang='lat' dir='ltr'>ipsius</span> <span class='ocrx_word' id='word_1_138' title='bbox 464 2052 659 2125; x_wconf 84' lang='lat' dir='ltr'>miffionem</span> <span class='ocrx_word' id='word_1_139' title='bbox 680 2051 963 2145; x_wconf 86' lang='lat' dir='ltr'>investigantes,</span> <span class='ocrx_word' id='word_1_140' title='bbox 991 2071 1066 2122; x_wconf 93' lang='lat' dir='ltr'>non</span> <span class='ocrx_word' id='word_1_141' title='bbox 1091 2052 1233 2141; x_wconf 86' lang='lat' dir='ltr'>impor·&#39;</span> 
     </span>
     <span class='ocr_line' id='line_1_18' title="bbox 161 2147 1225 2243; baseline 0 -21"><span class='ocrx_word' id='word_1_142' title='bbox 161 2159 252 2222; x_wconf 88' lang='lat' dir='ltr'>tune</span> <span class='ocrx_word' id='word_1_143' title='bbox 280 2151 489 2240; x_wconf 85' lang='lat' dir='ltr'>opinionem</span> <span class='ocrx_word' id='word_1_144' title='bbox 517 2149 697 2243; x_wconf 89' lang='lat' dir='ltr'>nostram,</span> <span class='ocrx_word' id='word_1_145' title='bbox 725 2173 828 2241; x_wconf 86' lang='lat' dir='ltr'>quam</span> <span class='ocrx_word' id='word_1_146' title='bbox 857 2152 901 2223; x_wconf 92' lang='lat' dir='ltr'>de</span> <span class='ocrx_word' id='word_1_147' title='bbox 927 2147 1003 2243; x_wconf 90' lang='lat' dir='ltr'>ipso</span> <span class='ocrx_word' id='word_1_148' title='bbox 1032 2151 1225 2242; x_wconf 84' lang='lat' dir='ltr'>habemus,</span> 
     </span>
     <span class='ocr_line' id='line_1_19' title="bbox 125 2251 1237 2350; baseline 0.005 -30"><span class='ocrx_word' id='word_1_149' title='bbox 125 2264 128 2268; x_wconf 88' lang='grc'><em>·</em></span> <span class='ocrx_word' id='word_1_150' title='bbox 160 2269 421 2344; x_wconf 84' lang='lat' dir='ltr'>proponemus.</span> <span class='ocrx_word' id='word_1_151' title='bbox 474 2253 658 2347; x_wconf 87' lang='lat' dir='ltr'>Quoniam</span> <span class='ocrx_word' id='word_1_152' title='bbox 693 2256 786 2325; x_wconf 89' lang='lat' dir='ltr'>euim</span> <span class='ocrx_word' id='word_1_153' title='bbox 815 2253 964 2350; x_wconf 75' lang='lat' dir='ltr'>legimus</span> <span class='ocrx_word' id='word_1_154' title='bbox 994 2251 1237 2344; x_wconf 85' lang='lat' dir='ltr'>prophetiam·</span> 
     </span>
     <span class='ocr_line' id='line_1_20' title="bbox 163 2349 1225 2445; baseline -0.002 -23"><span class='ocrx_word' id='word_1_155' title='bbox 163 2349 325 2442; x_wconf 74' lang='lat' dir='ltr'>d&#39;e-ipsor</span> <span class='ocrx_word' id='word_1_156' title='bbox 357 2354 432 2421; x_wconf 82' lang='lat' dir='ltr'>Ecce</span> <span class='ocrx_word' id='word_1_157' title='bbox 449 2376 497 2444; x_wconf 83' lang='lat' dir='ltr'>ego</span> <span class='ocrx_word' id='word_1_158' title='bbox 514 2360 610 2422; x_wconf 81' lang='lat' dir='ltr'>mitro</span> <span class='ocrx_word' id='word_1_159' title='bbox 624 2354 776 2445; x_wconf 80' lang='lat' dir='ltr'>Angelum</span> <span class='ocrx_word' id='word_1_160' title='bbox 792 2378 891 2421; x_wconf 85' lang='lat' dir='ltr'>meum</span> <span class='ocrx_word' id='word_1_161' title='bbox 905 2369 981 2421; x_wconf 84' lang='lat' dir='ltr'>ante</span> <span class='ocrx_word' id='word_1_162' title='bbox 993 2353 1108 2443; x_wconf 75' lang='lat' dir='ltr'>faciem</span> <span class='ocrx_word' id='word_1_163' title='bbox 1125 2367 1225 2436; x_wconf 85' lang='lat' dir='ltr'>tuam,</span> 
     </span>
     <span class='ocr_line' id='line_1_21' title="bbox 163 2449 1227 2547; baseline 0.005 -29"><span class='ocrx_word' id='word_1_164' title='bbox 163 2454 222 2547; x_wconf 78' lang='lat' dir='ltr'>qtrr‘</span> <span class='ocrx_word' id='word_1_165' title='bbox 248 2454 440 2546; x_wconf 70' lang='lat' dir='ltr'>preparabit</span> <span class='ocrx_word' id='word_1_166' title='bbox 466 2460 554 2521; x_wconf 76' lang='lat' dir='ltr'>viam</span> <span class='ocrx_word' id='word_1_167' title='bbox 581 2470 659 2522; x_wconf 83' lang='lat' dir='ltr'>anre</span> <span class='ocrx_word' id='word_1_168' title='bbox 689 2471 743 2543; x_wconf 88' lang='lat' dir='ltr'>re,</span> <span class='ocrx_word' id='word_1_169' title='bbox 776 2453 986 2525; x_wconf 87' lang='lat' dir='ltr'>adnotamus</span> <span class='ocrx_word' id='word_1_170' title='bbox 1015 2472 1099 2524; x_wconf 90' lang='lat' dir='ltr'>num</span> <span class='ocrx_word' id='word_1_171' title='bbox 1125 2449 1227 2523; x_wconf 88' lang='lat' dir='ltr'>forte</span> 
     </span>
     <span class='ocr_line' id='line_1_22' title="bbox 162 2549 1227 2645; baseline -0.002 -22"><span class='ocrx_word' id='word_1_172' title='bbox 162 2570 255 2623; x_wconf 84' lang='lat' dir='ltr'>unus</span> <span class='ocrx_word' id='word_1_173' title='bbox 283 2549 481 2622; x_wconf 75' lang='lat' dir='ltr'>sandiorum</span> <span class='ocrx_word' id='word_1_174' title='bbox 505 2552 728 2645; x_wconf 83' lang='lat' dir='ltr'>Angelorum</span> <span class='ocrx_word' id='word_1_175' title='bbox 754 2551 928 2638; x_wconf 85' lang='lat' dir='ltr'>existens,</span> <span class='ocrx_word' id='word_1_176' title='bbox 956 2550 1152 2641; x_wconf 87' lang='lat' dir='ltr'>praecursor</span> <span class='ocrx_word' id='word_1_177' title='bbox 1182 2551 1227 2622; x_wconf 88' lang='lat' dir='ltr'>ad</span> 
     </span>
     <span class='ocr_line' id='line_1_23' title="bbox 160 2649 1227 2724; baseline -0.003 0"><span class='ocrx_word' id='word_1_178' title='bbox 160 2649 389 2724; x_wconf 88' lang='lat' dir='ltr'>ministerium</span> <span class='ocrx_word' id='word_1_179' title='bbox 410 2650 617 2724; x_wconf 85' lang='lat' dir='ltr'>demittatur</span> <span class='ocrx_word' id='word_1_180' title='bbox 633 2652 836 2723; x_wconf 78' lang='lat' dir='ltr'>servatoris</span> <span class='ocrx_word' id='word_1_181' title='bbox 851 2649 976 2724; x_wconf 86' lang='lat' dir='ltr'>nostri.</span> <span class='ocrx_word' id='word_1_182' title='bbox 1030 2649 1078 2720; x_wconf 84' lang='lat' dir='ltr'>Et</span> <span class='ocrx_word' id='word_1_183' title='bbox 1098 2654 1227 2721; x_wconf 90' lang='lat' dir='ltr'>mirum</span> 
     </span>
     <span class='ocr_line' id='line_1_24' title="bbox 163 2746 1315 2845; baseline 0.001 -26"><span class='ocrx_word' id='word_1_184' title='bbox 163 2746 331 2843; x_wconf 74' lang='lat' dir='ltr'>profesio</span> <span class='ocrx_word' id='word_1_185' title='bbox 358 2749 542 2843; x_wconf 88' lang='lat' dir='ltr'>estnihil,</span> <span class='ocrx_word' id='word_1_186' title='bbox 570 2749 697 2822; x_wconf 87' lang='lat' dir='ltr'>Christi</span> <span class='ocrx_word' id='word_1_187' title='bbox 724 2751 956 2845; x_wconf 83' lang='lat' dir='ltr'>primogeniti</span> <span class='ocrx_word' id='word_1_188' title='bbox 983 2752 1101 2820; x_wconf 92' lang='lat' dir='ltr'>omnis</span> <span class='ocrx_word' id='word_1_189' title='bbox 1131 2750 1239 2820; x_wconf 74' lang='lat' dir='ltr'>crea·</span> <span class='ocrx_word' id='word_1_190' title='bbox 1307 2766 1315 2785; x_wconf 63' lang='lat'>⁸</span> 
     </span>
     <span class='ocr_line' id='line_1_25' title="bbox 162 2851 1230 2944; baseline 0 -24"><span class='ocrx_word' id='word_1_191' title='bbox 162 2862 274 2940; x_wconf 73' lang='lat' dir='ltr'>tura,</span> <span class='ocrx_word' id='word_1_192' title='bbox 304 2852 352 2921; x_wconf 92' lang='lat' dir='ltr'>ob</span> <span class='ocrx_word' id='word_1_193' title='bbox 371 2869 529 2923; x_wconf 87' lang='lat' dir='ltr'>amorem</span> <span class='ocrx_word' id='word_1_194' title='bbox 545 2871 629 2944; x_wconf 89' lang='lat' dir='ltr'>erga</span> <span class='ocrx_word' id='word_1_195' title='bbox 649 2851 814 2922; x_wconf 88' lang='lat' dir='ltr'>homines</span> <span class='ocrx_word' id='word_1_196' title='bbox 830 2852 1024 2938; x_wconf 89' lang='lat' dir='ltr'>incarnati,</span> <span class='ocrx_word' id='word_1_197' title='bbox 1047 2851 1230 2920; x_wconf 80' lang='lat' dir='ltr'>&#39;emulato-</span> 
     </span>
     <span class='ocr_line' id='line_1_26' title="bbox 162 2948 1228 3043; baseline -0.001 -23"><span class='ocrx_word' id='word_1_198' title='bbox 162 2970 221 3021; x_wconf 86' lang='lat' dir='ltr'>res</span> <span class='ocrx_word' id='word_1_199' title='bbox 243 2951 514 3043; x_wconf 86' lang='lat' dir='ltr'>imitatoresque</span> <span class='ocrx_word' id='word_1_200' title='bbox 532 2951 670 3041; x_wconf 88' lang='lat' dir='ltr'>aliquos</span> <span class='ocrx_word' id='word_1_201' title='bbox 687 2949 872 3035; x_wconf 82' lang='lat' dir='ltr'>exstitisse,</span> <span class='ocrx_word' id='word_1_202' title='bbox 889 2950 1017 3038; x_wconf 86' lang='lat' dir='ltr'>quibus</span> <span class='ocrx_word' id='word_1_203' title='bbox 1032 2949 1137 3020; x_wconf 88' lang='lat' dir='ltr'>dulce</span> <span class='ocrx_word' id='word_1_204' title='bbox 1151 2948 1228 3019; x_wconf 86' lang='lat' dir='ltr'>fue·</span> 
     </span>
     <span class='ocr_line' id='line_1_27' title="bbox 162 3034 1228 3143; baseline -0.005 -23"><span class='ocrx_word' id='word_1_205' title='bbox 162 3051 210 3121; x_wconf 90' lang='lat' dir='ltr'>rit</span> <span class='ocrx_word' id='word_1_206' title='bbox 235 3053 267 3120; x_wconf 91' lang='lat' dir='ltr'>ei</span> <span class='ocrx_word' id='word_1_207' title='bbox 295 3050 526 3143; x_wconf 80' lang='lat' dir='ltr'>benignitati,</span> <span class='ocrx_word' id='word_1_208' title='bbox 554 3069 657 3140; x_wconf 89' lang='lat' dir='ltr'>quam</span> <span class='ocrx_word' id='word_1_209' title='bbox 685 3052 720 3120; x_wconf 91' lang='lat' dir='ltr'>in</span> <span class='ocrx_word' id='word_1_210' title='bbox 748 3047 841 3139; x_wconf 89' lang='lat' dir='ltr'>ipsos</span> <span class='ocrx_word' id='word_1_211' title='bbox 867 3047 1093 3139; x_wconf 88' lang='lat' dir='ltr'>ostendisset,</span> <span class='ocrx_word' id='word_1_212' title='bbox 1121 3034 1228 3119; x_wconf 88' lang='lat' dir='ltr'>inser-</span> 
     </span>
     <span class='ocr_line' id='line_1_28' title="bbox 163 3147 1227 3240; baseline -0.002 -20"><span class='ocrx_word' id='word_1_213' title='bbox 163 3150 267 3238; x_wconf 89' lang='lat' dir='ltr'>vire,</span> <span class='ocrx_word' id='word_1_214' title='bbox 296 3151 433 3227; x_wconf 84' lang='lat' dir='ltr'>eadem</span> <span class='ocrx_word' id='word_1_215' title='bbox 446 3150 613 3240; x_wconf 89' lang='lat' dir='ltr'>corporis</span> <span class='ocrx_word' id='word_1_216' title='bbox 640 3148 877 3221; x_wconf 78' lang='lat' dir='ltr'>similitudine.</span> <span class='ocrx_word' id='word_1_217' title='bbox 936 3147 1005 3220; x_wconf 85' lang='lat' dir='ltr'>sed</span> <span class='ocrx_word' id='word_1_218' title='bbox 1035 3165 1227 3238; x_wconf 90' lang='lat' dir='ltr'>quemnam</span> 
     </span>
     <span class='ocr_line' id='line_1_29' title="bbox 161 3246 1297 3341; baseline -0.004 -19"><span class='ocrx_word' id='word_1_219' title='bbox 161 3261 435 3323; x_wconf 87' lang='lat' dir='ltr'>nonmoveret</span> <span class='ocrx_word' id='word_1_220' title='bbox 459 3246 637 3320; x_wconf 85' lang='lat' dir='ltr'>exsuitans</span> <span class='ocrx_word' id='word_1_221' title='bbox 663 3250 700 3319; x_wconf 91' lang='lat' dir='ltr'>in</span> <span class='ocrx_word' id='word_1_222' title='bbox 725 3247 855 3341; x_wconf 87' lang='lat' dir='ltr'>gaudio</span> <span class='ocrx_word' id='word_1_223' title='bbox 876 3247 1166 3341; x_wconf 73' lang='lat' dir='ltr'>adbucexist&#39;ens</span> <span class='ocrx_word' id='word_1_224' title='bbox 1191 3246 1230 3318; x_wconf 87' lang='lat' dir='ltr'>in</span> <span class='ocrx_word' id='word_1_225' title='bbox 1290 3318 1297 3337; x_wconf 62' lang='grc'><strong>,</strong></span> 
     </span>
     <span class='ocr_line' id='line_1_30' title="bbox 162 3344 1320 3439; baseline -0.004 -19"><span class='ocrx_word' id='word_1_226' title='bbox 162 3353 273 3421; x_wconf 89' lang='lat' dir='ltr'>utero</span> <span class='ocrx_word' id='word_1_227' title='bbox 298 3344 592 3439; x_wconf 78' lang='lat' dir='ltr'>(matrissuae),</span> <span class='ocrx_word' id='word_1_228' title='bbox 622 3349 770 3437; x_wconf 89' lang='lat' dir='ltr'>perinde</span> <span class='ocrx_word' id='word_1_229' title='bbox 794 3366 835 3418; x_wconf 92' lang='lat' dir='ltr'>ac</span> <span class='ocrx_word' id='word_1_230' title='bbox 859 3367 1087 3427; x_wconf 89' lang='lat' dir='ltr'>communem</span> <span class='ocrx_word' id='word_1_231' title='bbox 1113 3345 1229 3419; x_wconf 87' lang='lat' dir='ltr'>horni-</span> <span class='ocrx_word' id='word_1_232' title='bbox 1289 3356 1320 3386; x_wconf 63' lang='lat'>¹⁸</span> 
     </span>
     <span class='ocr_line' id='line_1_31' title="bbox 162 3445 1229 3542; baseline -0.006 -21"><span class='ocrx_word' id='word_1_233' title='bbox 162 3464 248 3522; x_wconf 87' lang='lat' dir='ltr'>num</span> <span class='ocrx_word' id='word_1_234' title='bbox 271 3464 430 3518; x_wconf 87' lang='lat' dir='ltr'>naturam</span> <span class='ocrx_word' id='word_1_235' title='bbox 452 3445 661 3519; x_wconf 73' lang='lat' dir='ltr'>excellens?</span> <span class='ocrx_word' id='word_1_236' title='bbox 701 3448 813 3542; x_wconf 86' lang='lat' dir='ltr'>Quod</span> <span class='ocrx_word' id='word_1_237' title='bbox 831 3447 853 3518; x_wconf 87' lang='lat' dir='ltr'>sr</span> <span class='ocrx_word' id='word_1_238' title='bbox 871 3449 947 3538; x_wconf 86' lang='lat' dir='ltr'>quis</span> <span class='ocrx_word' id='word_1_239' title='bbox 968 3445 1132 3520; x_wconf 83' lang='lat' dir='ltr'>&#39;admittar</span> <span class='ocrx_word' id='word_1_240' title='bbox 1149 3463 1229 3538; x_wconf 53' lang='lat' dir='ltr'>pre-¹</span> 
     </span>
     <span class='ocr_line' id='line_1_32' title="bbox 164 3542 1233 3643; baseline -0.004 -22"><span class='ocrx_word' id='word_1_241' title='bbox 164 3553 348 3621; x_wconf 78' lang='lat' dir='ltr'>rationem</span> <span class='ocrx_word' id='word_1_242' title='bbox 371 3545 501 3641; x_wconf 83' lang='lat' dir='ltr'>Joseph</span> <span class='ocrx_word' id='word_1_243' title='bbox 528 3544 729 3637; x_wconf 86' lang='lat' dir='ltr'>inscriptam</span> <span class='ocrx_word' id='word_1_244' title='bbox 755 3548 868 3619; x_wconf 86' lang='lat' dir='ltr'>inhis</span> <span class='ocrx_word' id='word_1_245' title='bbox 893 3547 1015 3635; x_wconf 87' lang='lat' dir='ltr'>libris,</span> <span class='ocrx_word' id='word_1_246' title='bbox 1044 3550 1102 3643; x_wconf 86' lang='lat' dir='ltr'>qui</span> <span class='ocrx_word' id='word_1_247' title='bbox 1132 3542 1233 3636; x_wconf 80' lang='lat' dir='ltr'>apud</span> 
     </span>
     <span class='ocr_line' id='line_1_33' title="bbox 143 3644 1231 3740; baseline -0.002 -19"><span class='ocrx_word' id='word_1_248' title='bbox 143 3652 343 3727; x_wconf 34' lang='lat' dir='ltr'>,Hebraeos</span> <span class='ocrx_word' id='word_1_249' title='bbox 362 3644 529 3717; x_wconf 90' lang='lat' dir='ltr'>dicuntur</span> <span class='ocrx_word' id='word_1_250' title='bbox 546 3646 766 3738; x_wconf 85' lang='lat' dir='ltr'>apocryphi,</span> <span class='ocrx_word' id='word_1_251' title='bbox 783 3666 870 3720; x_wconf 86' lang='lat' dir='ltr'>mox</span> <span class='ocrx_word' id='word_1_252' title='bbox 889 3647 1104 3740; x_wconf 79' lang='lat' dir='ltr'>hoedogma</span> <span class='ocrx_word' id='word_1_253' title='bbox 1122 3647 1231 3719; x_wconf 85' lang='lat' dir='ltr'>etiam</span> 
     </span>
     <span class='ocr_line' id='line_1_34' title="bbox 166 3742 1231 3840; baseline -0.005 -20"><span class='ocrx_word' id='word_1_254' title='bbox 166 3762 289 3840; x_wconf 86' lang='lat' dir='ltr'>aperte</span> <span class='ocrx_word' id='word_1_255' title='bbox 309 3742 438 3816; x_wconf 76' lang='lat' dir='ltr'>ditium</span> <span class='ocrx_word' id='word_1_256' title='bbox 458 3746 540 3818; x_wconf 90' lang='lat' dir='ltr'>inde</span> <span class='ocrx_word' id='word_1_257' title='bbox 561 3744 762 3836; x_wconf 88' lang='lat' dir='ltr'>sumpturus</span> <span class='ocrx_word' id='word_1_258' title='bbox 778 3745 849 3817; x_wconf 87' lang='lat' dir='ltr'>est:</span> <span class='ocrx_word' id='word_1_259' title='bbox 876 3745 1026 3836; x_wconf 88' lang='lat' dir='ltr'>perinde</span> <span class='ocrx_word' id='word_1_260' title='bbox 1052 3743 1146 3835; x_wconf 84' lang='lat' dir='ltr'>quast</span> <span class='ocrx_word' id='word_1_261' title='bbox 1168 3743 1231 3834; x_wconf 88' lang='lat' dir='ltr'>q‘ui</span> 
     </span>
     <span class='ocr_line' id='line_1_35' title="bbox 168 3839 1229 3942; baseline -0.008 -21"><span class='ocrx_word' id='word_1_262' title='bbox 168 3869 187 3921; x_wconf 88' lang='lat' dir='ltr'>a</span> <span class='ocrx_word' id='word_1_263' title='bbox 211 3839 391 3942; x_wconf 86' lang='lat' dir='ltr'>principio</span> <span class='ocrx_word' id='word_1_264' title='bbox 416 3847 579 3919; x_wconf 84' lang='lat' dir='ltr'>eximium</span> <span class='ocrx_word' id='word_1_265' title='bbox 610 3842 742 3935; x_wconf 88' lang='lat' dir='ltr'>aliquid</span> <span class='ocrx_word' id='word_1_266' title='bbox 767 3864 839 3938; x_wconf 79' lang='lat' dir='ltr'>prae</span> <span class='ocrx_word' id='word_1_267' title='bbox 861 3841 1067 3919; x_wconf 80' lang='lat' dir='ltr'>horninibus</span> <span class='ocrx_word' id='word_1_268' title='bbox 1097 3844 1229 3916; x_wconf 85' lang='lat' dir='ltr'>habue-</span> 
     </span>
     <span class='ocr_line' id='line_1_36' title="bbox 165 3928 1304 4038; baseline -0.008 -21"><span class='ocrx_word' id='word_1_269' title='bbox 165 3963 274 4027; x_wconf 88' lang='lat' dir='ltr'>runt,</span> <span class='ocrx_word' id='word_1_270' title='bbox 301 3946 412 4037; x_wconf 88' lang='lat' dir='ltr'>longe</span> <span class='ocrx_word' id='word_1_271' title='bbox 429 3945 594 4038; x_wconf 82' lang='lat' dir='ltr'>meliores</span> <span class='ocrx_word' id='word_1_272' title='bbox 616 3944 752 4034; x_wconf 82' lang='lat' dir='ltr'>caeteris</span> <span class='ocrx_word' id='word_1_273' title='bbox 773 3944 974 4034; x_wconf 86' lang='lat' dir='ltr'>animabus,</span> <span class='ocrx_word' id='word_1_274' title='bbox 1001 3964 1082 4018; x_wconf 91' lang='lat' dir='ltr'>curn</span> <span class='ocrx_word' id='word_1_275' title='bbox 1099 3928 1231 4035; x_wconf 86' lang='lat' dir='ltr'>Angeli</span> <span class='ocrx_word' id='word_1_276' title='bbox 1299 3976 1304 3995; x_wconf 48' lang='grc' dir='ltr'>-ι</span> 
     </span>
     <span class='ocr_line' id='line_1_37' title="bbox 168 4020 1329 4221; baseline 0.002 -98"><span class='ocrx_word' id='word_1_277' title='bbox 168 4020 304 4138; x_wconf 77' lang='lat' dir='ltr'>esseut,</span> <span class='ocrx_word' id='word_1_278' title='bbox 331 4046 374 4145; x_wconf 82' lang='lat' dir='ltr'>ad</span> <span class='ocrx_word' id='word_1_279' title='bbox 397 4045 584 4138; x_wconf 87' lang='lat' dir='ltr'>humanam</span> <span class='ocrx_word' id='word_1_280' title='bbox 610 4040 865 4221; x_wconf 63' lang='lat' dir='ltr'>degenderint</span> <span class='ocrx_word' id='word_1_281' title='bbox 887 4047 1095 4144; x_wconf 47' lang='lat' dir='ltr'>staturam&amp;</span> <span class='ocrx_word' id='word_1_282' title='bbox 1113 4036 1259 4125; x_wconf 41' lang='lat' dir='ltr'>mibi*-</span> <span class='ocrx_word' id='word_1_283' title='bbox 1320 4136 1329 4155; x_wconf 82' lang='lat'>.</span> 
     </span>
     <span class='ocr_line' id='line_1_38' title="bbox 165 4151 1227 4249; baseline 0.002 -46"><span class='ocrx_word' id='word_1_284' title='bbox 165 4158 171 4167; x_wconf 93' lang='lat'><em>&#39;</em></span> <span class='ocrx_word' id='word_1_285' title='bbox 583 4153 608 4182; x_wconf 83' lang='grc'>’·’</span> <span class='ocrx_word' id='word_1_286' title='bbox 719 4170 742 4249; x_wconf 75' lang='lat'>3</span> <span class='ocrx_word' id='word_1_287' title='bbox 1066 4168 1071 4177; x_wconf 86' lang='lat'><em>·</em></span> <span class='ocrx_word' id='word_1_288' title='bbox 1126 4151 1227 4229; x_wconf 49' lang='grc' dir='ltr'>ἓῖὶῆ</span> 
     </span>
    </p>
   </div>
   <div class='ocr_carea' id='block_1_4' title="bbox 0 0 1420 4575">
    <p class='ocr_par' dir='ltr' id='par_1_4' title="bbox 0 0 1420 4575">
     <span class='ocr_line' id='line_1_39' title="bbox 0 0 1420 4575; baseline 0 0"><span class='ocrx_word' id='word_1_289' title='bbox 0 0 1420 4575; x_wconf 95' lang='lat' dir='ltr'> </span> 
     </span>
    </p>
   </div>
  </div>
 </body>
</html>
