2817 4575
146 357 212 440 ·.·-
242 271 265 351 -’
292 267 424 392 atat
460 285 1010 418 Jonnntmnomus
1048 309 1102 394 11.
1152 265 1262 430 ¹rm
1327 271 1336 288 '

184 477 269 558 iiim
288 494 396 552 natm
414 477 523 564 Dm,
547 476 607 573 qui
621 491 770 572 optatur
788 479 896 547 omnia
915 479 954 547 ira
970 475 1125 574 omnibns.
1179 473 1256 552 Ha.

158 589 170 600 ’“
182 577 252 676 bet
266 592 387 654 autern
402 577 682 658 dubitationem,
699 574 798 665 quod
814 575 935 650 omnia
953 589 1018 670 per
1034 574 1145 668 ipsum
1164 575 1256 655 seila

182 683 278 774 sint,
304 677 339 752 ἀ
358 698 405 752 ex
424 696 471 749 eo
489 673 677 764 sequatur,
703 689 744 748 ut
763 674 913 767 Spiritus
933 671 1089 762 santius,
1106 678 1166 766 qui
1184 675 1257 750 fac-

185 797 248 854 tus
268 777 342 869 est,
368 778 412 850 ab
436 773 512 867 ipso
528 771 642 847 satius
665 773 726 848 iit:
755 773 943 865 quomodo
963 773 1103 846 Christo
1125 779 1256 867 inqui·

185 881 340 956 busdam
358 875 548 966 scripturis
569 887 832 966 anteponetur,
858 894 939 948 cum
958 872 1115 947 Christus
1130 874 1200 967 ipse
1218 877 1256 952 in
1289 905 1293 920 ·

185 977 453 1066 Esaia'quidem
469 970 503 1046 se
519 993 595 1046 non
612 971 724 1047 solum
743 995 762 1044 a
778 972 909 1062 Patre,
936 971 994 1046 sed
1012 977 1117 1048 etiam
1142 995 1159 1045 a
1179 973 1257 1069 Spi-

187 1083 264 1154 ritu
284 1073 404 1149 saniio
428 1070 565 1147 missurn
594 1071 645 1145 est
668 1071 823 1144 fateatur
851 1073 928 1160 (ait
955 1074 1068 1147 enim:
1105 1076 1149 1144 Et
1170 1097 1258 1148 nens

189 1183 353 1252 Dominus
370 1175 453 1270 mifit
471 1197 539 1264 ms,
557 1176 684 1269 ejusque
697 1167 894 1269 Spiritus);
922 1172 958 1245 in
977 1171 1179 1267 Evangelio
1198 1195 1258 1247 nu·

189 1291 288 1366 tem,
314 1273 551 1348 remiffionem
570 1271 759 1365 promittat
777 1274 813 1346 in
830 1286 1007 1364 peccato,
1034 1275 1131 1363 quod
1150 1274 1186 1345 in
1205 1276 1258 1364 ip·

190 1379 267 1464 sum
283 1374 547 1464 committitur5
574 1372 794 1462 pronunciet
814 1390 906 1443 vero
922 1371 967 1445 de
977 1372 1201 1468 'blasphemia
1220 1375 1260 1458 in

190 1467 349 1552 santium
371 1472 562 1565 Spiritum,
589 1490 666 1545 non
680 1470 768 1543 sore
793 1486 833 1544 ut
858 1481 979 1563 pateat
996 1491 1072 1544 non
1091 1469 1203 1546 solum
1221 1476 1260 1547 in

149 1611 161 1658 ,·
179 1573 266 1652 'iroc
291 1573 443 1661 sarculo,
471 1563 529 1643 sed
554 1570 661 1647 etiam
687 1571 723 1642 in
747 1570 872 1655 futuro
896 1571 940 1642 ad
965 1572 1039 1661 ejus
1060 1572 1200 1644 veniam
1225 1572 1261 1646 it

148 1683 151 1688 '
192 1672 431 1748 remissionem
458 1670 573 1742 aditus
596 1671 652 1748 ei,
677 1671 736 1760 qui
759 1665 795 1743 in
820 1671 920 1744 ilium
945 1669 1261 1764 blasphemaverit.

193 1767 245 1848 Et
266 1767 510 1846 sortaffeaenon
532 1781 727 1861 propterea
753 1770 806 1860 ei,
833 1773 891 1860 qui
914 1770 951 1841 in
971 1769 1264 1864 Spiritnmisanc·

195 1887 273 1948 tum
299 1869 527 1966 peccaverit,
554 1886 630 1944 non
650 1867 868 1962 ignonirur,
892 1869 991 1958 qnod
1017 1867 1090 1962 ipse
1114 1866 1262 1945 Christo

195 1971 494 2057 inhonoratior,
521 1967 629 2060 eique
643 1982 906 2058 anteponatur,
934 1965 992 2039 sed
1018 1967 1124 2061 quod·
1140 1971 1262 2044 omnia

197 2067 381 2164 inquibus
403 2066 587 2182 estnratio,
607 2063 750 2182 Christo
766 2065 1005 2158 participant,
1023 2069 1161 2158 quibus,
1180 2087 1264 2143 cum

197 2159 1266 2363 iitiiiniiitgssniii¹itiisnitziiinii

144 2388 146 2395 '
198 2362 241 2449 fit
258 2371 401 2445 veniam
419 2366 610 2465 consequi,
638 2387 719 2441 cum
741 2378 846 2439 tanto
867 2364 900 2438 &
919 2366 980 2439 tali
997 2360 1183 2460 instiniiu,
1210 2366 1268 2461 tt,

200 2484 241 2547 ut
260 2470 312 2543 ita
334 2468 469 2556 dicam,
496 2464 727 2556 inspiratione
747 2466 783 2537 in
803 2466 935 2539 malurn
955 2469 1084 2541 iterum
1105 2468 1266 2543 relabene

201 2584 283 2662 tes,
310 2562 509 2640 &consilia
529 2564 680 2655 Spiritus
700 2562 828 2658 santii,
855 2564 972 2655 quiin
997 2567 1049 2639 eia
1072 2567 1185 2658 inest,
1211 2582 1267 2641 re·

201 2662 382 2767 spuentes.
437 2664 549 2762 Quod
573 2663 596 2736 ti
617 2665 678 2751 id,
707 2663 804 2755 qtrod
829 2662 879 2735 est
899 2665 992 2757 apud
1009 2661 1143 2739 Esaiam
1159 2665 1267 2763 scrip·

202 2782 304 2862 tunt,
333 2767 382 2838 ait
402 2761 576 2837 servator
593 2761 717 2835 noster
737 2763 772 2836 se
794 2785 814 2834 a
832 2761 936 2836 Patre
957 2763 1092 2840 missum
1115 2762 1205 2854 eise,
1232 2767 1268 2839 it
1335 2792 1336 2797 ¹

144 2915 146 2927 ·
204 2871 274 2943 tbi
292 2864 371 2947 ,srus
390 2863 544 2957 Spiritu,
570 2857 857 2956 respondendum
878 2861 930 2936 est
952 2863 1059 2938 etiam
1080 2865 1154 2937 hoc
1176 2867 1265 2939 loco

144 3010 147 3045 r
205 2972 249 3045 mi
280 2986 341 3039 um
361 2954 430 3037 esse
448 2958 623 3036 Christum
643 2982 662 3035 a
678 2963 843 3057 Spiritu,·
859 2983 935 3057 non
952 2968 1051 3054 quod
1062 2978 1188 3037 natura
1201 2965 1275 3040 dif-

144 3138 148 3157 ,
206 3066 320 3158 serat,
348 3057 405 3137 sed
426 3072 577 3156 propter
596 3056 659 3134 filii
677 3059 747 3143 Dei
766 3058 1031 3135 conservatoris
1048 3064 1181 3155 nostri,
1208 3068 1270 3158 qui

207 3164 240 3243 se
255 3165 350 3240 infra
370 3178 451 3235 eum
467 3162 615 3252 minuit,
634 3161 671 3233 in
687 3154 914 3255 humanitate
928 3160 1112 3254 sumenda,
1131 3160 1279 3258 disper-2

144 3250 150 3293 '
208 3264 394 3340 sationem.
446 3252 601 3360 Quodss
625 3262 702 3351 quis
729 3275 773 3334 ex
795 3279 841 3332 eo
861 3257 1081 3349 offenditur,
1108 3266 1206 3354 quod
1231 3268 1270 3340 in

144 3390 151 3405 ·
208 3362 375 3440 sumenda
391 3376 517 3434 natura
534 3360 687 3433 humens
703 3359 796 3433 insta
806 3358 956 3453 Spiritus
970 3361 1178 3456 dignitatem
1190 3362 1273 3451 Ser.

209 3481 376 3541 tiatorem
393 3461 618 3535 imminutum
636 3460 803 3534 dixerim:
831 3462 904 3533 hoc
923 3464 956 3534 ei
973 3462 1199 3555 probandum
1219 3463 1271 3539 est

144 3616 154 3657 r
210 3578 253 3641 ex
268 3566 331 3645 iis,
346 3576 423 3653 quae
440 3557 566 3727 scripta
583 3547 663 3632 sunt
680 3562 716 3631 in
733 3558 830 3632 Pauli
848 3559 892 3631 ad
907 3563 1080 3632 Hebraeos
1096 3558 1270 3657 Epistola,

212 3668 246 3739 in
272 3675 343 3755 qna
368 3660 473 3732 etiam
532 3652 643 3753 ngelis
668 3660 843 3733 minorem
866 3652 983 3753 Jesum
1003 3650 1103 3733 fnisse
1120 3672 1272 3756 propter

212 3763 339 3841 mortis
359 3754 617 3853 perpessionem
643 3760 874 3851 pronuntiat:
898 3760 947 3829 ait
964 3759 1077 3834 enim:
1114 3762 1199 3832 Eum
1216 3790 1275 3834 arr.

144 3858 156 3901 ⁹
217 3880 297 3951 tem,
323 3865 379 3957 qui
396 3861 531 3937 modim,
555 3881 650 3954 qnam
663 3860 779 3953 Angeii
791 3863 967 3930 mitteretur
980 3860 1037 3955 ιβ,
1057 3863 1198 3932 uidemur
1214 3866 1274 3960 Js·

216 3960 292 4061 sem,
307 3973 435 4055 propter
452 3952 619 4050 paffmmm
637 3964 764 4052 mertia,
778 3961 878 4055 gioria
893 3966 932 4039 (5
947 3960 1065 4035 bonore
1080 3976 1280 4044 caronarum,

264 4062 417 4157 ,ongean
437 4042 647 4136 Tm.x111.
887 4042 923 4137 i.
1169 4056 1255 4132 nna
