2817 4575
281 328 685 456 ru‘rosr'uuum
722 329 925 428 rossus
963 349 1013 430 rr.
1091 373 1172 482 ,¹²⁰³

144 524 302 604 „edemus
321 533 444 596 autem·
460 539 541 618 eum
556 511 948 612 infirmitates-nostrat,
975 516 1007 592 ἂ
1025 521 1175 594 morbus

144 613 345 717 tempsisse,
373 621 541 694 &anime
558 614 780 700 infirmitates
791 670 811 709 s.
826 617 859 688 dr
874 620 1022 692 morbos
1039 620 1177 712 occulti

144 713 239 800 ordis
257 719 367 795 nostri
384 719 552 808 hominis,
579 725 665 809 quas
682 715 930 809 infirmitates,
955 724 1177 813 morbosque

144 823 237 898 ui‘a'a
254 821 361 894 nobis
379 818 575 909 sustulerit,
603 818 733 888 dicitur
751 816 843 909 apud
864 815 1088 904 Zachariam,
1107 827 1178 899 sni.

144 945 212 1010 ram
229 918 448 1016 pertristemr
473 919 788 1010 perturbatumque
809 917 964 1013 habere,
991 934 1098 1013 atque
1115 947 1180 1000 ve·
1225 937 1228 944 '
1262 981 1265 986 -

144 1023 231 1098 ibus
247 1019 409 1094 'sordidis
435 1019 607 1104 indutus3
643 1017 771 1106 quibus
799 1018 967 1104 hunniam
994 1025 1179 1101 exuendus

144 1135 219 1216 ret,
242 1121 413 1194 dicuntur
430 1115 499 1190 effe
521 1131 683 1209 peccata.
735 1114 922 1213 Subiungit
941 1137 1029 1217 ergo
1048 1123 1180 1199 eodem

144 1224 286 1312 tlocot
322 1222 399 1292 Este
419 1243 466 1310 egr
485 1218 598 1312 attiuh·
615 1231 738 1310 peccata
764 1233 844 1301 ηας
864 1237 917 1290 eo
938 1222 1054 1300 enim,
1080 1224 1180 1314 quod

144 1319 193 1396 sse
211 1321 391 1415 receperit
410 1317 446 1392 in
467 1316 614 1412 seipsum
632 1316 757 1410 populi
778 1316 998 1393 credentium
1017 1336 1182 1416 peccata,

144 1419 332 1513 requenter
348 1419 482 1509 inquit:
511 1421 617 1511 Lange
637 1445 656 1487 a
675 1418 862 1504 salutamen
883 1421 978 1490 verba
1002 1420 1183 1492 delitiosum

144 1544 284 1596 mrum.
302 1517 372 1613 Et,
403 1514 453 1590 Tu
471 1518 638 1614 cognovisti
655 1517 872 1614 infipierrrr'em
883 1545 998 1606 meam,
1016 1519 1054 1596 (Ἰ
1069 1520 1184 1595 deliria

144 1649 189 1704 rea
209 1649 230 1691 a
243 1639 353 1712 rems
362 1621 444 1710 supr
459 1618 644 1707 diuendita.
696 1616 733 1690 N
737 1637 779 1689 ec
795 1637 886 1690 vero
905 1618 1095 1713 suspicetur
1113 1642 1183 1698 nos

144 1707 312 1814 uisquar'h
331 1720 408 1793 hec
430 1717 571 1807 dicere,
597 1719 714 1790 minus
738 1717 796 1807 pie
822 1715 997 1792 Christum
1030 1719 1098 1795 Dei
1124 1735 1187 1795 co'·

144 1833 287 1897 entem·-
305 1818 399 1893 Nam
419 1837 488 1908 qua
504 1820 647 1890 ratione
671 1812 766 1887 solus
792 1815 895 1888 Pater
915 1819 1023 1896 hahet
1043 1817 1188 1895 immor·

144 1925 317 2010 uirtutem,
335 1920 416 2009 quia
433 1917 610 1990 Dominus
625 1913 748 1988 noster
760 1919 941 2006 (omnium
951 1919 1108 2000 nostrum
1120 1943 1188 1995 ne·
1278 1943 1281 1954 ·

144 2023 251 2105 nine)
265 2031 419 2094 mortem
434 2016 485 2090 ob
500 2034 658 2091 amorem
677 2034 761 2110 erga
775 2035 888 2110 genus
902 2016 1090 2092 humanum
1111 2040 1189 2113 per·
1289 2041 1291 2046 ·

144 2121 275 2212 uierit,
301 2117 368 2192 hac
392 2119 492 2188 Pater
508 2114 604 2190 'solus
624 2114 756 2207 habet,
781 2111 823 2185 u't
840 2109 878 2187 in
903 2115 980 2209 ipso
998 2120 1103 2191 nulle
1121 2117 1189 2193 bnt

144 2223 309 2303 enebroe:
336 2236 416 2293 cum
429 2214 612 2299 Christus,
637 2228 678 2286 ut
693 2215 859 2289 homines
877 2213 1191 2294 beneficiouffice·

144 2338 209 2414 et,-
224 2318 391 2397 tenebras
408 2314 544 2395 nostras
561 2318 599 2389 in
618 2312 764 2409 seipsum
782 2320 982 2409 receperit,
1004 2334 1045 2392 ut
1063 2336 1192 2412 poten·

144 2424 182 2493 ia
203 2422 263 2495 ius
287 2433 441 2493 mortem
463 2413 617 2491 nostram
639 2416 797 2508 deleret,
824 2418 1093 2509 expelleretque
1116 2423 1192 2501 ¹uui·

144 2540 266 2615 nerum
291 2515 492 2599 nostrarum
517 2515 703 2613 tenebras,
730 2514 893 2590 nimitum
918 2533 959 2589 ut
981 2518 1192 2609 impleretur

144 2620 219 2695 liud
241 2614 367 2689 Esaiae:
402 2615 556 2709 ruputas,
582 2620 639 2719 qui
652 2613 774 2704 [edebat
793 2618 830 2682 in
851 2618 1007 2702 tenebris,
1035 2622 1121 2690 vidit
1140 2625 1193 2693 lu.

144 2710 195 2795 :eis
216 2741 368 2812 magnam.
421 2716 509 2788 Haec
532 2712 653 2805 itaque
678 2714 757 2799 lux,
787 2732 863 2804 quae
880 2712 971 2788 farta
995 2717 1046 2791 est
1065 2720 1101 2792 in
1124 2718 1194 2795 ser-
1305 2772 1307 2777 .

144 2840 267 2907 none,
293 2813 445 2889 existens
464 2815 569 2889 etiam
585 2816 685 2905 vita,
713 2814 866 2885 lucet‘in
883 2819 1042 2889 tenebris
1066 2822 1196 2896 anima·

144 2940 212 3001 tum
234 2915 454 2993 nostratum:
479 2914 578 2988 &eo
594 2912 753 3006 seceffit,
779 2915 839 2987 ubi
859 2932 961 2988 erant
976 2920 1097 2991 mundi
1118 2942 1196 2998 rec.

144 3036 240 3109 tores
261 3016 489 3103 tenebrarum
506 3011 678 3110 (seculi)
695 3013 820 3104 hujus,
846 3015 906 3104 qui
931 3016 1011 3106 quia
1037 3038 1115 3094 cum
1135 3044 1195 3119 ge.

144 3140 232 3195 nere·
252 3118 411 3191 humanu
436 3110 635 3205 tuerentur,
665 3114 702 3184 in
730 3115 896 3187 tenebras
927 3116 1103 3197 adducere
1129 3148 1196 3203 eos

144 3212 389 3304 contendunt,
416 3214 475 3306 qui
493 3233 561 3305 pro
578 3212 671 3285 virili
686 3232 762 3283 non
779 3208 927 3307 instent,
953 3233 994 3291 ut
1009 3220 1196 3304 illuminati

144 3320 175 3395 in
193 3316 353 3392 {iliorum
370 3316 460 3387 lucis
476 3331 629 3386 numero
646 3310 867 3386 censeantur.
893 3312 971 3409 er
987 3340 1077 3393 vero
1092 3330 1198 3404 etiam

144 3420 223 3493 herc·
245 3420 306 3489 lux
328 3417 452 3489 lucens
478 3410 698 3488 intenebris
726 3410 1037 3505 persequutionem
1063 3427 1197 3517 petitur

144 3520 286 3613 quidem
301 3536 321 3590 a
340 3515 521 3600 tenebris,
548 3508 606 3584 sed
623 3530 699 3585 non
715 3514 1003 3603 apprehenditur.

216 3636 275 3693 22.
298 3614 415 3714 ¹Quod
433 3610 459 3685 st
474 3613 551 3703 quis
569 3623 674 3704 putet
689 3631 758 3685 nos
777 3612 927 3707 addere,
947 3621 1045 3708 quod
1065 3642 1143 3709 non
1158 3627 1200 3701 fit

144 3716 338 3810 scriptum,
360 3731 490 3803 nempe
514 3712 613 3801 quod
637 3712 793 3786 tenebre
808 3698 936 3793 'iucem
956 3715 1200 3813 insequantur,

145 3820 263 3893 audiat
285 3810 412 3889 frustra
434 3808 520 3881 illud
540 3810 609 3891 dici
620 3864 633 3901 ,
661 3811 757 3904 quod
776 3817 908 3887 rendra
925 3843 992 3889 eam
1005 3812 1078 3891 'non
1095 3847 1202 3922 appu.

144 3921 351 4003 renuerem,
377 3910 401 3983 st
424 3928 647 3999 nequequam
666 3914 824 3988 tenebre
847 3918 965 3993 iucem
987 3918 1066 3995 sunt
1089 3914 1205 4017 perse·

148 4032 306 4119 quarm:
328 4010 455 4091 Veluti
472 4008 593 4101 nutem
610 4027 733 4092 mente
748 4017 929 4123 preditis,
952 4040 1016 4117 per
1037 4044 1148 4115 duam
1157 4026 1220 4101 tte.

1007 4124 1190 4223 tehirgete
1322 4194 1325 4199 .
