2817 4575
158 263 190 398 s
316 329 415 408 ru
443 271 748 432 josuu'an'
783 324 991 444 congus
1027 325 1080 408 11.
1125 385 1129 398 .
1170 353 1239 432 ¹35

159 469 252 582 ,rum
269 494 407 580 Deum,
420 512 562 588 ¹nempe
581 490 744 583 Patrem,
771 490 806 562 da
824 505 954 582 prater
968 491 1086 566 Deum
1106 513 1235 574 verum

116 585 307 673 Vmultos
322 589 435 683 facies
449 590 550 664 Deos
560 590 840 685 participatione
853 590 943 663 Dei:
970 605 1138 665 verentes
1154 596 1233 688 glo.

165 698 259 770 riam
285 693 381 788 ejus,
407 690 467 783 qui
488 712 634 764 omnem
658 707 856 763 ereaturam
878 694 1075 783 praecellit,
1101 697 1230 785 aequeri

163 795 313 887 reliquis
329 792 575 865 obtinentibus
595 792 871 884 appellationem
888 791 957 862 Dei
973 793 1045 864 sme
1058 795 1228 887 articulo,
1259 791 1272 812 ²

164 908 301 990 praeter
327 893 442 965 datam
465 889 723 978 differentiam,
756 911 822 982 per
849 911 953 978 quam
979 892 1098 965 Deum
1123 905 1229 989 nopes

164 993 321 1068 diximus
337 993 481 1079 reliquis
497 991 663 1064 omnibus
682 989 759 1062 Diis
777 989 971 1065 ministrum
988 990 1057 1064 effe
1071 991 1228 1088 deitatis,

164 1096 283 1192 etiam·
298 1093 379 1192 ,haee
403 1088 606 1162 differentia
627 1088 677 1164 est
700 1090 925 1182 apponenda.
978 1088 1030 1161 Ea
1055 1095 1149 1166 'eninr
1173 1116 1229 1167 ra·

165 1194 244 1280 tio,
271 1196 411 1288 quaelin
436 1190 574 1284 smgulis
601 1192 752 1284 rationis
780 1192 969 1288 capacibus
995 1190 1106 1283 inest,
1134 1214 1227 1268 earn·

164 1293 249 1368 dem
275 1291 584 1382 comparationem
604 1291 713 1363 habet
738 1290 779 1360 ad
801 1291 895 1364 illam
922 1287 1122 1384 rationem,
1148 1311 1227 1382 quae

162 1393 203 1488 in
219 1393 401 1486 principib·
415 1391 507 1481 apud
523 1389 641 1464 Deum
659 1389 727 1477 est,
744 1389 891 1461 &Deus
909 1388 960 1463 est
976 1401 1101 1484 nopae,
1120 1411 1225 1482 quam

162 1495 275 1566 habet
292 1489 399 1562 -Deus
423 1500 527 1584 nopae
553 1489 626 1585 (id
653 1489 704 1562 est
726 1488 880 1586 ratio),
906 1490 979 1563 srne
1004 1493 1157 1564 articulo
1181 1491 1225 1564 ad

162 1590 290 1666 Deum
305 1587 404 1662 ilium
427 1610 508 1663 cum
532 1592 698 1663 articulo.
749 1587 804 1660 Ut
825 1591 917 1664 enim
941 1587 1046 1662 Pater
1067 1587 1225 1675 dueoieoe

163 1688 268 1785 (hoc
292 1687 346 1764 est
365 1710 427 1784 per
450 1689 483 1761 se
503 1687 626 1779 Deus,
653 1689 813 1760 &verus
838 1688 965 1776 Deus)
985 1686 1020 1760 se
1044 1689 1152 1770 habet
1179 1691 1224 1764 ad

131 1869 137 1878 ,
162 1792 371 1886 imaginem,
397 1787 429 1860 dr
449 1789 490 1860 ad
507 1789 675 1882 imagines
694 1789 876 1879 imaginis,
895 1810 996 1880 quam
1015 1790 1064 1863 ob
1086 1787 1224 1864 causant

163 1893 271 1964 etiam
296 1890 464 1961 dicuntur
488 1887 652 1962 homines
675 1907 753 1959 non
775 1885 843 1961 esse
868 1888 1064 1980 imagines,
1092 1889 1150 1962 sed
1179 1889 1224 1962 ad

160 1991 370 2086 imaginem,
395 1989 441 2062 stc
467 1987 563 2060 hunc
585 1989 623 2062 in
646 1987 792 2060 modum
819 1983 853 2058 se
875 1987 983 2062 habet
1002 1986 1074 2080 ipse
1094 1999 1223 2083 nopae,
1278 2017 1280 2022 s

155 2089 236 2164 boe
251 2087 304 2162 est
321 2086 397 2181 ipsa
423 2102 539 2180 rano,
566 2087 609 2160 ad
630 2109 731 2166 earn,
756 2107 833 2178 quae
852 2084 958 2158 estin
980 2084 1224 2183 fingulism·

161 2193 314 2282 tionem.
355 2186 519 2278 Utraque
537 2189 630 2260 enim
649 2189 769 2260 locum
785 2188 956 2280 obtinent
971 2184 1084 2258 fontis
1103 2187 1136 2259 ἃ
1152 2188 1223 2259 ori-

160 2290 271 2387 ginis3
295 2287 400 2363 Pater
420 2289 561 2379 quidem
578 2289 795 2378 divinitatis,
821 2285 930 2360 Filius
947 2307 1039 2359 vero
1053 2299 1145 2383 >rope
1163 2290 1223 2377 (id

161 2388 212 2463 est
235 2385 428 2481 rationis).
482 2387 794 2483 Quemadmodum
819 2406 907 2483 ergo
932 2385 992 2459 Dii
1016 2391 1140 2481 multi,
1164 2384 1222 2459 sed

160 2490 268 2563 nobis
284 2491 378 2561 unus
395 2488 495 2558 Deus
512 2486 584 2579 est,
600 2508 729 2578 nempe
746 2488 805 2558 iile
822 2485 949 2571 Patet;
975 2485 1008 2557 u
1026 2489 1129 2560 multi
1145 2486 1224 2559 Do·-

116 2652 119 2661 .
161 2589 247 2663 mini
273 2586 373 2679 sunt,
397 2585 456 2659 sed
480 2587 587 2659 nobis
608 2594 699 2658 unias
725 2586 903 2661 Dominus
925 2583 975 2656 est
999 2584 1097 2679 Jesus
1120 2587 1223 2660 Chri·

116 2714 120 2776 1
162 2686 251 2769 stus:
276 2687 324 2761 fic
341 2690 442 2761 multi
468 2688 574 2757 etiam
594 2685 672 2758 sunt
695 2698 796 2781 >topos
813 2684 917 2780 (hoc
933 2681 983 2758 est
1004 2687 1163 2759 rationes
1177 2684 1222 2779 ),
1323 2696 1326 2721 ¹

162 2785 220 2861 sed
241 2787 348 2861 nobis
369 2786 467 2859 illum
482 2795 587 2880 >sopor
611 2782 677 2881 (id
695 2784 746 2858 est
763 2786 941 2858 tationem
960 2783 1083 2877 illam)
1101 2804 1222 2881 preca7

162 2904 237 2961 mur
253 2883 376 2971 ineffe,
394 2906 472 2977 quae
487 2885 538 2957 est
556 2886 591 2957 in
605 2886 800 2977 principio,
819 2905 895 2974 quae
912 2881 963 2954 'est
978 2885 1070 2976 apud
1085 2882 1220 2973 Deum,

121 3028 124 3035 ·
162 2982 261 3059 Deus
278 2998 392 3077 nopae.
444 2985 517 3081 Qui
539 2985 633 3058 eninr
651 3005 728 3056 non
747 2984 842 3076 capit
857 2995 962 3078 λογον
976 2983 1073 3055 hunc
1093 2982 1221 3076 (idest

162 3086 379 3175 rationem),
406 3105 483 3175 quae
500 3086 535 3156 in
550 3084 726 3179 principio
747 3083 841 3176 apud
858 3082 976 3157 Deum
991 3081 1064 3176 est,
1093 3098 1154 3155 aut
1169 3086 1219 3173 ip·
1238 3088 1240 3093 '

162 3182 230 3257 ium
249 3183 469 3275 assequetur,
497 3197 670 3274 quatenus
692 3200 777 3255 earo
800 3179 913 3255 fabius
935 3181 1017 3273 est,¹
1034 3196 1094 3254 aut
1114 3185 1222 3275 parti·

163 3302 244 3377 ceps
262 3282 436 3357 efficietur
453 3284 599 3373 aiicujus
617 3302 759 3373 eorum,
786 3283 844 3373 qui
858 3293 964 3376 >repon
980 3283 1077 3355 hunc
1092 3283 1153 3369 (id
1170 3280 1221 3353 est

162 3386 338 3459 rationem
356 3382 513 3475 ipsam),
541 3381 784 3472 affequuntur:
811 3383 834 3455 fi
860 3402 1049 3455 vero-nec
1071 3383 1220 3471 alicujus

162 3482 303 3573 quidem
318 3484 460 3570 horum,
477 3483 535 3571 qui
551 3480 656 3578 hujus
674 3482 822 3553 rationis
840 3483 1030 3575 participes
1049 3478 1220 3573 existunt,

116 3632 123 3715 i·
158 3584 338 3675 particeps
362 3580 452 3653 effici
475 3583 634 3674 poterit,
666 3583 877 3653 innumero
907 3582 1059 3653 omnino
1080 3594 1220 3654 ¹eorum

116 3754 118 3779 Ι
162 3684 250 3775 erit,
277 3682 338 3773 qui
354 3702 372 3751 a
391 3681 531 3754 ratione
548 3682 652 3754 alieni
668 3681 847 3755 dicuntur.
899 3679 939 3752 ld
958 3694 1095 3768 autem,
1121 3679 1221 3771 quod

116 3794 118 3800 ’
163 3782 336 3871 diximus,
362 3782 476 3873 palam
499 3778 671 3853 efficietur
694 3802 739 3852 ex
762 3780 938 3871 exemplis
962 3780 1005 3851 de
1026 3779 1110 3851 Deo
1138 3780 1220 3872 illo,
1297 3776 1320 3833 Γ

164 3882 219 3970 qui
236 3878 423 3974 profertur
445 3900 524 3953 cunr
542 3880 711 3970 articulo,
732 3880 765 3953 o
783 3879 827 3952 de
846 3880 908 3952 illo
923 3890 1022 3974 λογῳ
1039 3899 1120 3951 cum
1139 3880 1222 3949 arti·

121 4030 124 4035 -
165 3982 270 4078 culo,
297 3980 359 4073 qui
377 3979 428 4054 est
442 3978 541 4057 Deus
555 3981 629 4057 sane
642 3982 819 4078 articulo,
844 3991 921 4056 tum
936 3983 1043 4056 etiam
1066 3978 1110 4051 de
1126 3977 1226 4069 Diis,
1327 4006 1331 4017 ·

517 4094 530 4131 '=
679 4079 747 4175 14
1090 4076 1195 4227 Kepi
1253 4114 1316 4147 ·,
