2817 4575
319 339 420 464 ,uu
448 330 981 441 Jonuutmmouus
1017 335 1047 417 1.
1142 275 1226 442 ,ιὀρ

165 505 309 584 buimue
324 500 696 598 redemptione..Nec
713 501 818 594 ipsius
833 501 1118 596 redemptionem
1133 523 1226 600 quo·

165 629 232 689 το,
257 609 329 699 Qui
352 622 497 677 tentatus
522 604 562 700 ‘fl
582 608 765 698 peremnia
785 607 884 696 juxta
897 604 1139 698 fimiiitudimm
1155 611 1226 678 abs-

163 734 224 809 que
241 721 383 805 peccato,
409 701 468 778 sed
483 723 660 795 nunquam
676 704 721 776 eb
742 700 901 786 hostibus
917 701 1029 776 iatius
1046 708 1238 798 captivus..

242 832 303 898 40.
332 804 421 879 Cum
446 802 551 877 semel
573 816 690 876 autem
715 799 970 877 distinxerimus
997 805 1092 879 inter
1110 827 1226 881 vocu-

166 908 236 982 itm
249 960 263 999 ‚
278 905 384 985 nobis,
399 904 436 976 u
451 903 640 994 voculam,
651 902 859 998 impliciter,
875 902 1034 976 dicentes
1055 926 1131 979 non
1151 905 1227 981 sun-
1251 951 1253 956 ·

170 1008 313 1100 pliciter
340 999 674 1094 santiificationem,
709 1000 1053 1094 &redemptionem
1077 1001 1228 1082 scribit
1333 1003 1336 1008 ’

169 1106 284 1181 Paulo
307 1101 376 1178 effe
400 1101 605 1194 Christum,
636 1100 695 1174 sed
721 1122 801 1176 cum
827 1100 1093 1191 additamento,
1117 1108 1226 1196 nobis,

171 1207 281 1305 (cum
305 1205 469 1298 potentie
491 1202 524 1274 u
548 1199 715 1293 supientia
736 1201 894 1293 dicatur,
927 1200 961 1276 dc
985 1222 1067 1276 cum
1093 1206 1226 1292 addita-

170 1317 320 1397 mento,
345 1304 454 1384 nobis,
479 1300 512 1373 ἂ
534 1299 689 1375 similiter
713 1299 785 1373 sine
810 1302 960 1385 vocula,
984 1304 1126 1403 nobis,)
1149 1326 1227 1382 non

170 1405 295 1480 linere-
310 1402 479 1476 debemus
505 1402 769 1492 inexploratum
792 1393 990 1476 sermonem
1016 1403 1061 1477 de
1082 1403 1227 1498 justitie.
1333 1483 1336 1492 ,

170 1501 344 1596 lit-quod
368 1502 509 1593 quidem
535 1499 667 1597 justitie
694 1502 801 1575 nobis
823 1499 864 1574 fit
889 1497 1068 1595 Christus,
1094 1504 1228 1600 perspi·

171 1625 278 1680 cutim
300 1601 352 1676 est
372 1622 418 1676 ex
443 1622 511 1678 eo:
545 1604 616 1693 Qui
633 1600 746 1691 fufius
767 1602 806 1697 esi
824 1603 910 1673 nobit
928 1605 1125 1700 [apimtiaa
1148 1611 1227 1696 Deo,

170 1704 364 1803 &iustiliae
390 1701 429 1778 6
440 1699 669 1792 santificatio,
695 1702 734 1777 (9·
753 1703 926 1798 redemptio.
974 1704 1087 1800 Quod
1108 1703 1131 1780 st
1150 1726 1228 1782 non

121 1803 123 1828 ²
168 1804 374 1890 invenimus
396 1798 507 1893 ipsum
525 1798 692 1892 justitiam
719 1800 922 1893 implicite}
944 1803 1034 1893 dici,
1062 1806 1230 1896 quemad·
1317 1813 1319 1818 '

172 1904 317 1982 modum
341 1900 544 1994 iimpliciter
562 1897 732 1994 sapientia
754 1900 787 1973 dc
807 1901 971 1994 potentia
997 1903 1066 1977 Dei
1086 1904 1229 1994 dicitur,

172 2002 420 2097 inquirendum
434 1998 485 2072 est
502 2019 547 2073 en
565 1998 627 2094 ips1
642 1997 799 2090 Christo,
815 2003 1114 2092 quemadmodum
1132 2001 1229 2078 sunc-

172 2103 324 2178 tiiicatio
340 2099 391 2173 est
409 2098 533 2191 Pater,
559 2101 609 2171 ita
624 2101 730 2173 etiam
746 2098 877 2193 justitia
893 2099 934 2173 stt
950 2099 1064 2177 Pater.
1097 2101 1231 2195 Neque

128 2225 131 2230 ·
173 2206 263 2279 enim
281 2197 448 2295 injustitia
462 2200 513 2272 est
528 2199 621 2291 apud
637 2200 777 2284 Deum,
803 2197 961 2292 &justus
979 2201 1012 2273 dt
1028 2199 1161 2276 santius
1178 2203 1231 2279 est

172 2304 374 2384 Dominus,
400 2301 433 2373 dt
458 2301 496 2373 in
516 2298 649 2390 iustitia
671 2301 805 2393 judicia
828 2302 917 2393 eius.
969 2301 1087 2398 Justus
1109 2318 1230 2381 autem

173 2426 251 2481 cum
265 2402 335 2493 nt,
359 2398 449 2499 juste
468 2402 587 2474 omnia
609 2399 794 2493 dispensat.
835 2402 947 2499 Quod
964 2415 1082 2477 autem
1100 2405 1231 2481 attinet

173 2509 212 2581 ad
234 2504 291 2585 id,
317 2502 415 2595 quod
443 2499 611 2573 Heretici
632 2500 775 2593 dicunt,
802 2499 979 2575 diversum
1006 2499 1137 2577 scilicet
1160 2503 1232 2583 eise

170 2602 297 2699 iustum
315 2606 477 2693 abono,
503 2598 561 2674 sed
580 2600 680 2693 quod
701 2598 763 2695 ipsi
779 2620 856 2674 non
876 2602 1090 2697 explanant,
1117 2604 1233 2679 existi·

173 2716 310 2781 mantes
329 2699 459 2795 justum
480 2699 622 2790 quidem
644 2697 714 2772 eiie
735 2699 855 2774 mundi
879 2697 1074 2794 opificem,
1102 2701 1233 2787 Christi

173 2819 291 2879 tutem
313 2798 452 2874 Patrem
477 2801 612 2872 bonum
624 2843 635 2883 ,
661 2820 740 2872 mea
760 2799 937 2873 sententia
959 2816 1127 2875 accurate
1149 2822 1233 2877 exa·

173 2908 344 2981 minatum
358 2898 476 2994 poiiet
489 2899 559 2971 dici
579 2898 623 2971 de
641 2898 770 2992 Patre,
797 2898 831 2971 dt
848 2897 963 2994 Filio,
976 2900 1070 2974 Filio
1087 2902 1233 2995 quidem

173 3002 346 3099 etpstente
364 2999 516 3093 justitia,
543 2999 602 3090 qui
625 3001 766 3092 accepit
782 2994 995 3093 potestatem
1013 3000 1166 3077 faciendi
1177 3005 1234 3098 ju-

118 3158 121 3173 .
172 3106 323 3190 dicium,
348 3106 496 3197 quonium
525 3100 631 3177 Filius
650 3101 789 3171 bominis
812 3100 876 3194 esi,
903 3100 1110 3198 &judicabit
1132 3105 1233 3177 orbem

154 3221 331 3297 'terrarum
346 3207 382 3270 in
394 3199 544 3297 justitia:
572 3198 676 3271 Patre
694 3219 786 3272 vero
810 3197 926 3296 (eon,
951 3201 1010 3292 qui
1031 3202 1067 3274 in
1087 3198 1166 3277 Filii
1177 3204 1234 3298 ju·

118 3300 120 3305 ’
171 3302 262 3378 stitia
281 3298 410 3376 eruditi
424 3299 559 3372 fuerint
573 3294 654 3389 post
670 3294 798 3371 Christi
812 3319 957 3397 regnum
970 3296 1150 3375 beneficio
1163 3302 1234 3378 affi-¹

172 3400 323 3499 ciente)
336 3402 423 3474 boni
441 3398 661 3471 vocabulum
680 3399 851 3491 operibus
867 3398 1072 3495 ostensuro,
1087 3403 1234 3493 quando

171 3502 283 3576 fuerit
301 3500 401 3572 Deus
418 3500 539 3573 omnia
554 3496 591 3572 in
610 3500 789 3574 omnibus.
841 3496 950 3591 Cuius
970 3498 1120 3574 sortaffis
1136 3501 1236 3594 iusti·

171 3602 221 3676 tia
240 3598 415 3675 Servatur
431 3595 572 3683 instruit
591 3598 736 3689 omnia,
762 3600 987 3691 temporibus
1006 3601 1173 3687 idoneis,
1199 3602 1236 3681 dc

171 3704 337 3791 tutione,
364 3697 563 3788 nomine,
590 3695 906 3789 &punitionibus,
928 3696 1233 3799 &spiritualibun

171 3814 214 3876 ut
237 3802 289 3874 ita
313 3799 463 3891 loquar,
488 3795 628 3870 auxiliis
653 3792 722 3870 suis
743 3798 1011 3872 medicinalibus
1030 3800 1072 3872 ed
1092 3803 1235 3895 capien-

171 3899 257 3975 dum
271 3901 309 3976 in
329 3892 402 3971 fine
419 3886 532 3970 Petris
555 3894 776 3972 bonitatem..
818 3893 929 3990 Cujus
943 3898 1023 3971 ¹vim
1045 3902 1162 3990 probe
1179 3914 1235 3987 te·
1259 3914 1269 3927 ’

169 4018 260 4077 uene
284 3997 462 4075 Servetur
485 3993 560 4091 ilii,
586 3998 647 4091 qui
669 3995 732 4074 sibi
755 3996 1136 4131 umgenitp·dicebtt,·
1157 4004 1256 4170 titt.-

1104 4119 1197 4198 cept
