2817 4575
298 283 375 394 ns
403 293 700 416 Joauutm
734 267 943 388 sonus
968 309 1033 392 rr.
1115 297 1190 422 ἠς

123 479 374 584 ignomverit,
409 480 518 570 idque
546 477 764 575 prasertim,
782 477 824 552 'si
848 479 1193 566 consideraverimus

126 581 330 681 magistrum
347 603 367 654 a
382 581 540 660 discente
560 577 847 672 inseparabilem:
875 584 990 655 veluti
1010 589 1105 663 enirn
1119 597 1193 665 md·

126 685 233 784 gister
257 679 499 775 inseparabilis
522 677 572 752 est
596 700 616 752 a
639 679 819 771 discente,
846 680 893 755 fic
916 685 1010 756 ratio
1036 686 1073 760 in
1101 711 1217 764 ιιιιο·Ι
1289 697 1292 704 ’

129 805 298 878 quoque,
334 783 394 878 qui
415 782 566 852 rationis
592 778 643 852 est
669 801 852 872 compos,
885 785 1095 874 naturaliter
1119 785 1204 866 exi·'
1322 787 1324 798 '

128 885 245 972 stens,
271 883 408 976 semper
428 879 562 977 agenda
585 876 795 974 suggerens,
822 882 929 956 etiarn
955 883 980 957 fi
1005 905 1081 961 non
1103 893 1196 964 obe·
1239 919 1242 926 ¹

130 987 264 1060 diamur
280 985 373 1056 iilius
392 980 595 1074 praeceptis,
605 983 853 1077 permittentes
869 1002 937 1055 nos
954 983 1047 1076 ipsos
1063 992 1194 1084 volup-

129 1085 287 1175 tatibus,
315 1081 675 1173 &praetermittentes
690 1081 826 1171 optima
845 1082 938 1178 illius
954 1085 1111 1165 consilia.
1139 1089 1196 1164 Ut

131 1198 250 1258 autern
267 1181 379 1256 oculo
393 1183 500 1253 nobis
518 1185 561 1251 ad
578 1181 673 1252 bona
691 1179 850 1276 ministro
862 1182 949 1254 dato
961 1186 1066 1260 etiarn
1080 1190 1196 1263 abuti-

131 1305 207 1362 mur
230 1287 268 1356 in
293 1282 369 1376 his,
394 1301 473 1371 'que
497 1280 647 1354 honeste
665 1300 740 1352 non
759 1282 943 1373 videmus,
970 1288 1121 1377 perinde
1143 1301 1199 1362 at·
1270 1373 1273 1382 ,

133 1405 200 1478 que
217 1382 255 1456 in
276 1382 397 1454 auditu
419 1379 591 1470 facimus,
620 1400 699 1453 curn
719 1393 881 1453 attentos
900 1403 968 1455 nos
992 1390 1196 1478 prebemus
1263 1402 1268 1420 ·

133 1483 366 1576 dijudicandis
391 1481 540 1552 canticis
569 1479 885 1571 auditionibusque
913 1485 1020 1558 nobis
1050 1490 1195 1583 vetitis,

134 1583 177 1658 fic
198 1582 457 1655 contumeliam
478 1578 676 1651 inferentes
695 1580 848 1670 rationi,
875 1602 951 1673 quae
967 1584 1001 1656 in
1023 1589 1128 1661 nobis
1144 1591 1197 1661 in·

86 1729 90 1762 ,
135 1681 198 1771 est,
225 1700 297 1754 nec
323 1682 385 1751 ubi
408 1691 564 1773 oportet·
582 1679 643 1750 isla
667 1685 834 1771 utentes,
860 1702 925 1774 per
949 1682 1056 1776 ipsam
1084 1703 1200 1762 trans·

85 1865 92 1882 Ι
136 1782 312 1880 gredimur
330 1782 470 1874 legem,
494 1798 572 1869 quae
588 1783 821 1871 peccantibus
840 1781 930 1854 inest
950 1784 1195 1881 adjudicium,

137 1883 320 1956 &idcirco
340 1901 420 1954 eum
433 1879 610 1971 judicans,
628 1881 688 1970 qui
704 1876 811 1971 ipsam
828 1884 995 1955 omnibus
1013 1906 1090 1959 non
1108 1909 1200 1980 prae·
1332 1967 1334 1972 ,

86 1989 94 2022 ’
139 1983 270 2056 tulerit.
297 1978 407 2052 Unde
423 1982 531 2052 etiarn
548 1979 684 2069 inquit:
711 1984 818 2050 Sermo
828 2027 839 2062 ,
858 2007 945 2072 quem
958 1984 1105 2080 loquutur
1113 1988 1198 2078 sum,

85 2109 94 2122 ·
141 2087 195 2180 ipsa
218 2081 437 2152 condemnabit
461 2103 535 2164 vos,
561 2078 711 2170 perinde
737 2078 830 2170 quasi
852 2080 1007 2176 diceret,
1034 2083 1113 2181 Ego
1136 2089 1199 2163 ille

85 2211 94 2254 a
139 2193 263 2280 λογος,
286 2181 347 2254 ille
364 2181 402 2253 in
418 2177 526 2251 vobis
540 2176 729 2268 insonans,
755 2179 827 2272 ipse
842 2201 910 2254 vos
929 2182 1200 2284 condemnabo,

85 2310 121 2359 ·t
140 2286 193 2377 qui
216 2282 357 2359 nulium
379 2280 531 2355 omnino
555 2277 771 2352 defensionis
796 2279 954 2355 relidum
980 2284 1118 2358 habetis
1146 2291 1201 2361 lo-

85 2430 93 2445 .
137 2404 229 2460 cum.
281 2382 420 2453 Verum
443 2378 604 2452 coadior
622 2380 806 2453 videbitur
825 2380 893 2453 esse
908 2384 983 2455 hec
1000 2386 1203 2484 intelligen-

84 2506 93 2553 ι
143 2486 208 2577 tia,
228 2480 499 2575 exponentibus
514 2480 620 2551 nobis
639 2482 744 2554 alium
762 2492 867 2575 >upon
884 2484 919 2554 in
934 2486 1114 2577 principio
1128 2487 1203 2561 exi·

85 2612 92 2653 ι
139 2582 290 2657 stentem
310 2592 414 2675 λογον
436 2581 529 2668 apud
553 2577 691 2667 Deum;
719 2579 838 2654 Deum
856 2591 982 2677 noo-om
1010 2587 1116 2659 alium
1141 2608 1203 2661 au·
1256 2626 1264 2637 ·

84 2712 92 2767 ς
140 2696 208 2757 tem
231 2678 344 2775 ipsum
364 2677 693 2770 considerantibus,
721 2683 802 2770 quia
821 2702 897 2753 non
914 2680 1026 2756 solum
1050 2686 1095 2757 de
1115 2708 1203 2779 prae·

85 2814 91 2855 i
141 2784 252 2877 cipuis
273 2777 446 2875 opificiis,
473 2778 594 2850 omnia
616 2798 682 2870 per
704 2780 816 2870 ipsum
833 2779 923 2854 facia
941 2781 1042 2855 fuisse
1059 2785 1129 2856 dici
1152 2787 1203 2859 di·

84 2914 91 2957 r
140 2884 276 2974 rimus,
303 2899 430 2952 verum
450 2878 555 2949 etiam
575 2878 620 2950 de
643 2880 829 2967 omnibus,
857 2900 933 2971 que
960 2879 1054 2955 finnt
1072 2886 1114 2957 ab
1132 2884 1203 2979 his,

84 3014 89 3055 ι
138 2985 199 3075 qui
217 2976 605 3076 napa(&rationis);
633 2977 944 3073 suntcompotcs,
971 2981 1043 3055 sine
1054 3003 1127 3073 quo
1139 2996 1204 3060 >to-

84 3122 89 3155 ι
141 3106 193 3179 pp
211 3082 271 3176 (id
291 3078 341 3153 est
360 3077 553 3173 ratione),
580 3077 670 3150 nihil
694 3100 897 3171 peccamus.
946 3080 1093 3175 Insuper
1111 3108 1205 3178 que·

141 3181 289 3257 rendum
305 3179 411 3252 etiam
431 3175 494 3265 est,
521 3197 564 3249 an
584 3179 614 3249 is
627 3188 746 3273 λογος,
773 3182 832 3269 qui
852 3181 888 3252 in
903 3185 1009 3255 nobis
1028 3184 1092 3272 est,
1108 3187 1205 3261 idem

83 3336 88 3350 .
142 3280 182 3355 stt
193 3302 276 3355 cum
288 3299 349 3370 eu,
370 3279 427 3370 qui
445 3274 495 3349 est
511 3276 547 3348 in
563 3277 753 3372 principio,
770 3278 803 3350 ὰ·
820 3281 879 3371 qui
896 3280 946 3351 est
962 3284 1054 3375 apud
1069 3284 1205 3367 Deum,

83 3416 88 3449 t
143 3380 293 3454 &Deus
310 3390 434 3473 λογος,
460 3375 654 3470 presertim
673 3380 842 3469 quoniam
860 3390 1028 3472 tanquam
1049 3383 1122 3455 hoc
1140 3394 1205 3457 λο-

83 3514 87 3557 ι
142 3504 194 3577 'yn
218 3482 337 3553 altero
362 3498 439 3551 non
465 3474 666 3571 existente,
701 3481 746 3549 ab
772 3498 818 3552 eo
842 3488 971 3574 λογῳ,
1004 3483 1062 3572 qui
1092 3481 1143 3556 est
1165 3485 1205 3557 in

83 3616 87 3647 i
143 3580 321 3675 principio
340 3578 433 3671 apud
451 3574 592 3666 Deum,
619 3577 787 3651 videatur
806 3578 1006 3671 Apostolus
1030 3581 1118 3653 illud
1141 3582 1207 3656 do·

83 3714 86 3755 i
144 3700 247 3755 uere:
285 3681 338 3751 Ne
359 3680 478 3747 dixeris
498 3683 535 3745 iu
552 3680 638 3749 corde
662 3694 737 3749 ruo:
764 3685 836 3775 quis
853 3680 994 3765 ascendet
1016 3685 1053 3749 in
1075 3676 1206 3757 celum?

143 3780 196 3855 stac
216 3778 257 3877 ιβ
283 3778 444 3873 Christum
461 3778 623 3847 deducere:
649 3777 709 3847 ves
729 3784 798 3875 quis
821 3779 977 3864 descendet
995 3788 1029 3848 in
1046 3782 1206 3876 adyffirm?

142 3878 256 4032 1ιαίζῖ
271 3878 434 3975 Clprilsum
449 3900 487 3946 rx
501 3882 637 3947 mortuis
650 3878 806 3955 'reducere
833 3882 895 3949 Sed
913 3881 988 3978 quid
1005 3882 1085 3952 dicit
1103 3888 1208 3983 Scrip-

142 3982 233 4055 ἑπτα.
266 3982 368 4077 Prope
383 3992 415 4051 tc
432 3976 560 4050 aerium
577 3976 725 4076 cstvasdr
740 3983 778 4049 in
792 3998 849 4052 arc
858 3994 924 4073 ruo,
939 3972 1130 4060 &inbuta
1140 4000 1215 4051 rute

468 4108 476 4123 ·
1113 4100 1181 4151 to.
