2817 4575
325 283 391 412 ru
427 269 714 433 Jonuunu
751 332 953 412 tonus
990 271 1065 414 vt
1086 375 1090 384 -
1140 275 1224 437 ¹255

101 537 104 542 ·
228 520 261 576 a.
289 499 689 596 Ethocaplrariimanium
708 503 864 596 Jaannis.
914 496 1118 576 Secundum
1137 500 1211 578 hoa

147 596 199 673 est
217 600 366 691 Joannia
383 599 547 694 llaptistae
559 599 604 680 de
616 597 759 674 Christo
773 601 939 694 scripturn
952 597 1209 696 testimonium,

146 702 266 792 primo
284 699 489 774 testimonio
511 701 706 794 incipiente
725 702 853 773 abillis
872 701 1014 774 verbis:
1045 706 1108 772 llic
1125 699 1226 792 erat,
1290 751 1293 756 ,

146 824 238 896 quem
253 801 341 890 dixi3
368 810 424 897 qai
440 803 500 896 pall
516 826 562 871 ma
578 808 690 886 venit,
718 800 949 874 &defineute
965 802 1003 873 in
1021 821 1083 876 ea:
1124 807 1207 874 Uni·

142 905 274 993 genitas
286 902 381 991 fidius
408 907 489 988 Dei,
513 907 571 999 qui
592 901 630 998 esd
648 905 685 972 in
699 902 771 996 finti
798 901 927 987 Pdtrr's‚
953 902 1003 971 ille
1022 908 1205 977 enarravit.

144 997 199 1072 At
224 1019 315 1074 vero
340 1021 417 1074 non
436 1000 530 1076 tecle
548 1001 755 1074 Heracleon
775 997 965 1093 suspicatur
989 1003 1100 1076 verba
1125 1002 1205 1080 illa-2

143 1103 268 1191 Nullas
296 1104 399 1170 Deum
422 1105 512 1172 vidit
534 1127 691 1200 unquam,
716 1101 749 1174 dt
775 1121 852 1192 quae
874 1098 1084 1192 sequuntur,
1112 1103 1205 1182 ditia
1265 1177 1274 1186 ,

143 1197 340 1282 loiffenon
355 1222 374 1273 a
391 1199 568 1295 Baptista,
594 1200 652 1276 sed
671 1223 691 1274 a
709 1198 894 1294 discipulo.
946 1196 1040 1275 Nam
1058 1200 1081 1276 st
1097 1205 1204 1280 etiam

143 1300 323 1392 opinione
344 1298 424 1393 sua,
452 1303 549 1394 quod
571 1329 610 1373 rx
625 1304 829 1398 plenitudine
847 1305 915 1399 ejas
933 1325 991 1372 nor
1004 1326 1105 1373 amnas
1124 1328 1204 1374 acce·
1231 1387 1233 1392 Δ

138 1406 262 1496 pintus,
279 1402 315 1476 Θ
326 1409 465 1494 gratiam
479 1425 535 1497 pro
547 1410 674 1497 gratia,
693 1407 841 1499 quonium
860 1404 911 1472 lex
922 1422 981 1499 per
1001 1402 1115 1491 Mosen
1127 1403 1204 1476 data

141 1502 202 1595 ‘sti
223 1507 333 1595 gratia
357 1503 395 1580 Θ
420 1511 543 1573 veritur
568 1526 624 1600 per
652 1506 765 1601 Jesunt
794 1503 953 1599 carpium
973 1499 1069 1593 sadda
1096 1504 1154 1599 ιβ,
1182 1523 1203 1578 a

137 1600 295 1693 Baptista
321 1600 371 1674 est
399 1602 553 1692 dillum3
581 1606 768 1696 quomodo
789 1623 866 1675 non
884 1601 1108 1695 consequens
1129 1602 1201 1696 est,

138 1723 244 1793 eum,
264 1704 389 1798 quiet
408 1704 630 1795 plenitudine
647 1703 775 1794 Christi
794 1707 993 1797 acceperit,
1011 1704 1201 1799 &gratiam
1244 1745 1247 1752 ·
1309 1756 1313 1764 -

136 1797 326 1875 secundam
346 1822 414 1894 pro
440 1805 551 1898 gratia
573 1806 707 1895 prima,
734 1805 865 1896 quique
889 1799 991 1876 tatius
1014 1802 1123 1877 fuerit
1144 1804 1202 1877 da·

121 1885 208 1984 'tam
223 1896 326 1973 fuilse
344 1922 408 1994 pet
427 1900 566 1975 Molem
582 1904 721 1999 legem3
748 1903 895 1998 gratiam
912 1922 1004 1975 vero
1020 1901 1053 1974 dc
1070 1904 1202 1976 verita·

137 2014 211 2074 tem
231 2019 295 2094 per
317 2000 432 2095 Jesum
453 1999 634 2078 Christum
655 2002 781 2076 faciam
801 1998 924 2093 inille,
952 2021 997 2075 ex
1019 2002 1095 2095 his,
1124 2023 1223 2093 qum·

134 2121 178 2176 er
199 2101 422 2193 plenitudine
440 2105 476 2176 in
491 2100 603 2196 ipsum
623 2099 864 2193 deveniffent,
881 2116 955 2176 tum
972 2098 1200 2196 intellexille,

137 2202 328 2293 quomodo
346 2208 450 2274 Deum
466 2205 574 2274 nullas
590 2209 678 2274 vidit
697 2227 853 2301 unquam,
880 2215 956 2275 tum
974 2203 1080 2277 etiam
1100 2203 1200 2295 quod

141 2304 335 2395 Unigenitur
352 2308 391 2374 ad
408 2307 510 2396 finum
529 2310 637 2376 Putris
651 2306 801 2401 existent,
827 2304 904 2377 haec
920 2302 1002 2396 ipfi‚
1030 2302 1062 2377 &
1084 2304 1198 2378 omni·

132 2402 201 2475 bus
222 2402 282 2495 qui
300 2425 346 2475 ex
365 2406 588 2499 plenitudine
612 2407 687 2498 ejus
715 2402 921 2494 hausissent,
948 2400 1200 2479 enarraverit?

133 2500 223 2575 Non
244 2505 346 2575 enim
372 2526 468 2577 nunc
491 2508 642 2598 primum
666 2509 872 2594 enarravit,
900 2505 959 2595 qui
985 2501 1035 2577 est
1061 2504 1097 2577 in
1124 2503 1200 2576 stnu
1251 2554 1254 2561 ·

133 2599 271 2691 Patris,
297 2605 447 2696 perinde
469 2605 561 2695 quan
584 2607 701 2677 nullus
728 2619 833 2676 antea
850 2604 1003 2675 idoneus
1024 2602 1200 2676 exstiterit

133 2702 322 2795 accipere,
349 2723 427 2794 que
453 2704 639 2797 Apostolis
669 2705 871 2790 enarravit,
908 2702 1198 2793 quandoquidem

134 2818 327 2892 antequam
346 2805 526 2878 Abraham
548 2802 653 2877 heret
665 2805 843 2895 existens,
868 2802 979 2877 dotet
998 2823 1066 2875 nos
1085 2802 1199 2875 Abra·
1306 2805 1308 2808 ’

134 2901 215 2975 ham
246 2902 457 2993 exsultasse,
486 2921 525 2977 ut
553 2906 694 2977 videret
722 2905 813 2977 diem
835 2901 939 2996 ipsrus
966 2900 1198 2996 guelfumque

135 2998 248 3075 fuiss'e.
300 3004 399 3115 Quin
418 3006 514 3095 quod
531 3008 599 3077 ait:
628 3005 681 3077 Ex
695 3008 897 3100 plenitudine
914 3001 1005 3096 ipfius
1021 3024 1077 3071 nar
1095 3026 1199 3071 attinet

135 3107 327 3198 accepimus,
352 3104 389 3180 (5
408 3112 547 3195 gratiam
558 3126 614 3198 pro
625 3113 752 3198 gratia,
780 3116 820 3173 ut
839 3104 874 3173 in
893 3098 1134 3192 superioribus
1149 3100 1200 3173 di·
1321 3112 1325 3129 ¹

133 3198 271 3282 ximus,
299 3205 412 3299 arguit
426 3201 626 3295 Prophetas
640 3205 747 3276 etiam
769 3224 813 3274 ex
831 3199 957 3275 Christi
974 3200 1199 3295 plenitudine
1246 3203 1248 3207 ’

135 3299 272 3374 donum
290 3301 437 3396 cepille‚
464 3307 684 3397 gratiamque
704 3301 892 3376 secundam
915 3321 983 3396 pro
1004 3304 1116 3393 prima
1133 3306 1198 3374 eo'a

85 3464 95 3485 ,
134 3398 329 3494 sumplille:
355 3416 600 3494 pervenerunt
623 3406 717 3477 enim
744 3404 776 3474 ἃ
799 3402 849 3474 illi
874 3423 894 3474 a
918 3400 1051 3493 Spiritu
1077 3421 1200 3473 manu·

89 3494 95 3507 '
135 3499 252 3590 ruer,
279 3499 465 3594 postquam
482 3501 677 3575 introdudli
695 3501 857 3590 fuiffent,
874 3517 982 3591 atque
996 3502 1198 3589 exercitiin
1218 3508 1223 3515 “
1279 3562 1293 3583 s

88 3618 94 3699 ξ
134 3597 280 3697 figuris,
307 3603 350 3674 ad
366 3605 528 3675 veritatis
546 3603 733 3679 visionem.
773 3602 958 3704 Quocirca
976 3621 1051 3674 non
1070 3621 1197 3673 omnes

89 3738 96 3787 ·,
138 3702 321 3798 Propheta,
348 3699 406 3774 sed
429 3706 526 3773 malti
553 3704 766 3798 defiderarunt
789 3706 917 3786 videre,
944 3726 1011 3796 qua
1033 3698 1200 3794 Apostoli
1240 3744 1243 3751 ·

135 3794 319 3877 viderunt.
354 3798 453 3880 Nam
469 3802 492 3877 fi
510 3803 772 3898 Prophetarum
792 3815 868 3875 erat
882 3794 1103 3892 differentia,
1121 3818 1200 3894 pet·

85 3902 87 3921 ³
135 3896 215 3975 letti
241 3900 277 3975 ta
300 3900 504 3996 praestantes
523 3925 598 3978 non
617 3900 861 3979 defidetatunt
878 3901 1025 3996 videre,
1052 3919 1129 3993 quae
1147 3902 1201 3972 vl·

92 4034 101 4099 i
136 4000 268 4077 derunt
285 3999 476 4101 Apostoliz
502 4005 676 4079 viderunt
693 4000 886 4115 enimipsa.
924 4003 1109 4100 Quinem
1124 4018 1213 4075 non

634 4106 668 4181 R
693 4127 719 4182 α
928 4194 933 4207 x
1071 4115 1186 4186 ‘enne
