2817 4575
293 369 299 384 ·
340 317 406 400 lli
431 281 738 418 'JOANN'EM
772 287 987 440 'Tullus
1024 283 1074 401 VJ
1146 341 1248 420 aar.

162 485 266 566 distis
281 439 349 572 illia
361 453 510 560 historia
524 481 729 556 consentire
744 482 897 563 videtur,
913 501 994 558 cum
1012 504 1121 560 nemo
1131 484 1226 566 sitno-
1329 511 1334 524 ⁸

164 605 290 663 torum
310 587 428 679 plures
458 585 738 656 commentarios
766 582 936 674 ediderit,
961 605 1030 659 uec
1050 588 1169 668 multis
1187 589 1228 660 lla
1290 658 1293 662 ,

163 687 241 763 bris
267 681 362 760 sensa
391 681 449 756 sua
475 679 704 773 exposuerit,
732 677 869 760 dehoc
893 681 1138 774 disputandum
1162 683 1224 761 est·
1246 720 1274 782 '.

147 790 243 887 ¹Qui
262 805 359 877 -vero
380 782 638 875 reprehendet,
664 781 762 872 quod
786 781 829 854 ad
847 781 948 886 plura
966 783 1149 858 scribenda
1168 808 1226 861 me
1270 845 1272 852 .

165 890 372 981 accingam,
397 880 556 965 mosem,
571 881 679 952 talem
697 898 739 951 ac
757 893 896 955 tantum
913 882 1050 977 virum,
1068 888 1225 979 quinque

165 986 263 1061 solos
282 987 394 1057 libros
414 977 592 1072 reliquisse
610 980 719 1064 dicct.
1173 1011 1175 1015 ·

167 1113 1213 1199 ‹cmm-ae

287 1269 359 1346 ax
395 1267 608 1350 nonunt
645 1225 823 1347 rouo
860 1273 1100 1375 Quinto

162 1393 1224 1551 connumeratorum
1330 1554 1333 1564 ,

420 1555 961 1708 1NJOnNNuM.
1049 1579 1051 1586 ’
1147 1697 1149 1708 ,

349 1747 611 1814 tnrnnunauu
638 1750 823 1860 nunmco
852 1743 1050 1817 vetusto
1146 1813 1153 1822 ..

164 1917 198 1993 3.
262 1912 411 1987 aveto,
439 1915 543 1985 quern
562 1896 662 1968 Deus
680 1896 850 1971 idoneum
867 1897 1040 1991 reddidit,
1059 1900 1117 1989 qui
1133 1899 1246 1973 novi.

286 1993 507 2069 Testamenti
533 1995 687 2070 minister
709 1995 817 2082 esset,
842 2018 918 2069 non
943 2000 1066 2086 litera,
1093 2000 1225 2073 &ver-

162 2096 216 2170 bis
234 2113 360 2184 tenum
386 2095 444 2168 sed
463 2095 602 2187 spiritus
622 2096 750 2189 ipfiua;
778 2095 905 2170 Paulus
922 2092 1074 2181 scilicet,¹
1101 2099 1159 2189 qui
1179 2102 1224 2173 ab
1287 2160 1294 2170 .

161 2196 426 2287 Hierosolymis
454 2195 486 2267 dt
511 2191 667 2269 finitimis
694 2197 785 2269 locis
811 2217 930 2289 utque
964 2199 1006 2270 ad
1040 2197 1225 2290 illyricum

162 2293 399 2392 Evangelium
415 2297 645 2388 adimplevit,
662 2314 738 2369 non
753 2298 919 2372 omnibus
935 2295 1121 2390 Ecclesris,
1136 2319 1224 2390 quas

162 2396 364 2487 docuerat,
391 2395 547 2488 scripsrr,
574 2394 633 2468 sed
660 2396 780 2487 ulia,
808 2400 934 2488 quibua
958 2394 1114 2491 scripsit,
1141 2417 1241 2490 pau-¹

164 2517 224 2569 cas
241 2497 431 2569 admodum
451 2499 559 2567 lineas
576 2499 747 2575 exaravit.
775 2495 899 2570 Petrus
916 2512 1055 2588 autem,
1076 2499 1133 2570 cui
1147 2512 1227 2572 tan·
1322 2504 1325 2509 ’

165 2617 269 2690 quam
297 2589 532 2668 fundamento
559 2592 789 2691 superstrudia
815 2595 866 2668 est
893 2595 1051 2671 Ecclesia
1076 2596 1225 2685 Christi,

165 2693 334 2770 adversus
348 2716 450 2785 quam
467 2716 534 2767 nec
549 2694 629 2786 ipsae
645 2695 844 2768 inferorum
856 2710 972 2788 portae
987 2699 1226 2788 prevaliturae
1263 2724 1265 2729 ·
1284 2693 1287 2699 ’

163 2799 266 2887 lunt,
293 2816 399 2868 unam
415 2795 587 2868 duntaxat
602 2795 762 2867 omnium
782 2793 954 2868 consensu
972 2811 1155 2888 receptam
1171 2816 1226 2869 re·

165 2896 269 2987 liquit
301 2892 507 2986 Epistulam.
565 2893 815 2966 Concedemus
849 2915 940 2967 vero
970 2895 1004 2967 dr
1035 2894 1226 2971 secundam

165 2998 242 3089 eius
265 2992 354 3068 else:
388 2993 432 3066 de
457 2995 524 3066 hac
546 2994 640 3067 enim
657 2996 864 3089 ambigitur.
917 2996 993 3089 Jam
1023 3014 1114 3068 vero
1141 2993 1226 3086 quid

165 3094 358 3171 dicendum
385 3092 436 3166 est
463 3095 508 3165 de
532 3114 602 3184 eo,
628 3094 688 3184 qui
715 3094 749 3165 in
777 3093 851 3166 sinu
880 3092 1009 3167 Christi
1037 3097 1225 3188 recubuit,

167 3192 341 3293 Joanne‘s
389 3195 463 3288 Qui
491 3193 631 3284 quidem
660 3211 769 3265 unum
799 3194 943 3286 reliquit
970 3189 1224 3289 Evangelrum,

167 3292 306 3369 tametsi
323 3292 478 3366 fateatur
498 3308 557 3365 tot
576 3293 610 3364 se
627 3292 740 3365 libros
760 3289 912 3367 scribere
932 3292 1106 3386 potuisse,
1133 3307 1226 3385 quot
1249 3333 1253 3343 ν

168 3413 238 3469 nec
261 3393 360 3466 orbis
386 3390 459 3487 ipse
483 3406 656 3465 terrarum
681 3389 806 3485 pollet
821 3395 1022 3471 continere.
1082 3393 1227 3491 Scripsit

167 3510 340 3590 prreterea
351 3491 652 3576 Revelationem;
675 3488 784 3582 J'ull'us
799 3490 921 3585 silere,
937 3510 1008 3569 nec
1023 3489 1156 3586 septem
1170 3505 1228 3565 to·

166 3597 327 3671 uitruurn
342 3611 456 3665 vocer
473 3589 703 3683 perscribere.
749 3591 893 3686 Scripsit
908 3595 1015 3667 etiam
1033 3590 1229 3685 Epistolam

169 3694 363 3767 admodum
384 3693 546 3773 brevem.
598 3688 668 3766 Sed
691 3693 955 3785 concedamus,
979 3689 1003 3766 fi
1030 3692 1166 3784 placet,
1194 3690 1230 3765 dr

168 3791 359 3868 secundam
377 3788 562 3864 &tertiam
580 3787 702 3863 abillo
718 3784 861 3883 scriptas
879 3788 971 3880 esse3
997 3792 1228 3884 nequeenim
1255 3850 1258 3856 .
1330 3869 1331 3873 Ν

168 3890 234 3968 has
258 3892 430 3988 genuinas
454 3889 545 3964 illiue
571 3882 640 3963 else
663 3907 789 3965 omnes
814 3885 1055 3966 consentiunt.
1103 3890 1231 3967 Anna

169 4004 290 4068 tamen
307 3989 369 4064 vix
387 4004 532 4064 centum
550 3988 672 4067 versut
691 3990 896 4069 conducet.
1000 4018 1005 4027 ·

222 4095 369 4187 orientii
387 4085 475 4184 Tam
492 4090 599 4169 xlii.
763 4128 766 4133 ·
802 4090 848 4196 Q
1062 4089 1214 4172 minin
