2817 4575
186 321 188 325 ’
340 338 1055 456 ruJonraueru'·norros'r.x
1170 381 1215 458 ῃ

163 513 434 595 etlam'ratione
454 537 572 611 neque
596 515 773 610 subsistat,
798 536 916 609 neque
932 519 975 594 lit
998 517 1129 609 Filluri
1155 522 1218 597 vei

162 619 263 711 quod
284 619 326 695 fit
341 618 556 713 separatum,
581 616 617 689 ut
629 613 851 691 substantiam
867 617 997 692 habeat
1012 620 1112 714 Dens
1123 615 1218 693 Ver-
1307 663 1309 667 =

161 722 261 795 bum.
313 718 438 809 Itaque
457 717 652 792 dicendum·
667 714 718 788 est
741 737 816 789 non
843 716 941 791 secua
965 739 984 789 a
1007 720 1113 792 nobis
1136 714 1217 795 fieri

163 820 319 905 debere,
338 836 419 891 cum
435 817 618 889 vocabulo
637 815 750 889 Verbi
767 816 827 888 ille
840 829 1087 911 nuncupatur,
1100 827 1217 912 *atque

162 918 312 993 iacimus
336 915 532 1013 singillatim
558 917 595 989 in
621 915 824 990 nominibus
846 914 1037 1009 praedlliis,
1052 923 1145 993 'cnm
1171 937 1217 993 ex

161 1019 389 1111 proprietate
405 1015 561 1089 nominis
578 1016 794 1111 explicamus
808 1016 1076 1110 intelligentiam
1088 1018 1138 1090 rei
1149 1037 1217 1090 noa

163 1116 328 1191 minat&
343 1134 495 1206 cumque
511 1127 626 1188 certas
642 1116 803 1188 rationes
820 1113 1025 1208 adaptamus
1047 1115 1096 1188 ad·
1109 1118 1219 1209 expli·-

164 1214 321 1289 eandum
347 1215 535 1305 quomodo
557 1211 649 1287 filius
681 1213 751 1298 Dei
779 1214 874 1304 hoe,
900 1213 959 1288 vel
980 1214 1045 1286 illo
1068 1220 1218 1291 nomine

165 1326 404 1409 nuncupetur.
434 1315 524 1413 Quae
544 1310 636 1389 enirn
652 1311 795 1407 estnec
809 1316 948 1406 privata
962 1311 1109 1389 istorum
1126 1316 1220 1388 elec-²

165 1416 243 1505 tio,
258 1409 505 1487 noninsrstere
517 1413 552 1490 in
567 1411 705 1509 lingulis
723 1414 921 1505 quinoque
937 1412 1125 1505 spetiando
1143 1414 1219 1492 vim

166 1513 357 1587 vocabulit
390 1510 472 1604 sed,
497 1524 539 1584 ut
559 1514 610 1583 ita
635 1512 771 1598 dicam,
804 1532 883 1588 cunr
908 1512 1220 1608 quaefierint'quo·

164 1614 280 1687 ruodo
307 1609 460 1702 ostium,
494 1611 683 1703 quomodo
709 1614 844 1701 vitem,
870 1631 1020 1702 quanam
1046 1614 1151 1687 etiam
1173 1615 1221 1688 de
1315 1690 1320 1712 ,

166 1711 268 1790 eausa
286 1712 485 1805 intelligere
503 1711 693 1785 debeamus
716 1730 796 1784 eum
821 1708 891 1783 esle
912 1711 1028 1804 viam,
1053 1713 1146 1786 idern
1164 1711 1222 1787 so·

165 1814 240 1885 lum
268 1830 344 1883 non
371 1808 510 1898 facete,
544 1828 625 1883 cum
647 1808 746 1882 audie
770 1829 851 1883 eum
874 1811 944 1882 dici
969 1812 1006 1884 in
1030 1810 1220 1905 Scripturia

167 1908 359 1984 Verrunt
411 1908 465 1982 Ut
489 1928 577 2003 ergo
595 1907 796 2003 diligentius
820 1925 862 1981 at
884 1911 1110 1983 reverentius
1136 1910 1221 1985 aile-

169 2029 317 2099 quamur
336 2028 394 2089 ea,
421 2028 498 2101 quae
513 2006 642 2082 diiluri-
660 2005 777 2082 sumus
798 2009 909 2096 inea,
936 2028 1005 2098 qua
1024 2010 1067 2083 de
1089 2013 1220 2103 agitur,

167 2108 431 2201 disputatione,
458 2106 591 2182 scilicet
603 2106 791 2199 quomodo
806 2103 899 2180 filius
914 2105 985 2181 Dei
1003 2107 1140 2180 dicatur
1153 2104 1224 2186 elle

169 2210 354 2300 Verbum,
380 2226 400 2278 a
419 2206 622 2282 nominibus
640 2206 767 2298 ipius,
791 2206 936 2280 nobie-a
949 2208 1124 2300 principio
1140 2228 1225 2301 pro·

169 2308 315 2406 politis,
332 2304 540 2399 incipiamus
554 2304 692 2381 netelle
710 2304 772 2383 est.
823 2304 906 2379 Nec
921 2306 1125 2402 ignoramus
1141 2307 1225 2386 fore
1286 2360 1289 2365 -
1314 2367 1316 2370 ψ

172 2411 330 2499 aliquos,
358 2408 483 2496 quibus
499 2405 675 2498 ejusmodi
693 2404 854 2502 digreffio
872 2407 1006 2498 major,
1034 2427 1138 2497 quarn
1154 2429 1224 2503 pro

171 2508 221 2583 rei
244 2506 448 2587 necessitate
472 2499 542 2587 elle
569 2502 751 2583 videatur:
777 2518 933 2579 attamen
953 2505 1106 2581 animum
1129 2504 1227 2583 adiri.

123 2636 127 2643 ¹
172 2609 270 2690 beuti
293 2604 368 2697 rei,
395 2624 462 2697 qua
479 2604 524 2678 de
539 2602 674 2701 agitur,
699 2623 776 2680 uon
797 2622 919 2697 parum
938 2607 1025 2677 utile
1038 2605 1148 2679 fuerit
1163 2630 1225 2688 ex.
1272 2654 1274 2659 s

172 2707 315 2802 plorare
332 2701 449 2796 senia,
476 2704 521 2779 de
537 2705 665 2795 qulbus
681 2703 827 2778 nomina
840 2718 1042 2797 ponuntur,
1070 2724 1225 2795 quorum

175 2806 280 2879 etiam
296 2802 533 2879 confideretio
550 2801 645 2875 utilis
665 2804 733 2875 erit
751 2801 891 2894 adres,
919 2822 995 2892 qun
1016 2800 1227 2897 subsequun'·
1282 2866 1290 2883 .

176 2917 243 2978 tur.
294 2903 449 2979 Proinde
467 2922 546 2975 curn
564 2901 669 2977 semel
684 2904 721 2974 in
737 2902 956 2996 theologiam
973 2901 1017 2974 de
1032 2901 1228 2982 servatore

175 3003 423 3094 inciderimus,
439 3002 679 3085 invenientes,
695 3000 876 3095 diligentia
890 2999 1068 3093 adhibita,
1090 3021 1166 3093 que
1181 3005 1229 3083 ‹le

175 3102 237 3182 illo
266 3102 454 3180 feruntur,
479 3094 673 3176 netellario
696 3119 774 3173 non
800 3111 937 3175 tanturn
961 3121 1042 3175 eum
1064 3121 1105 3173 ea
1126 3120 1238 3195 parte

178 3200 494 3301 conlidenabirnus‚
511 3220 579 3291 qun
593 3211 698 3298 λογος
716 3196 782 3294 (id
799 3197 849 3272 est
865 3198 1048 3294 Verbum,
1067 3199 1227 3303 iuratio)

179 3302 327 3374 dicitur:
353 3298 410 3373 sed
428 3300 533 3372 etiem
550 3300 710 3392 plenius,
737 3297 770 3370 ut
788 3298 952 3391 uberius,
973 3320 1040 3392 pro
1057 3303 1150 3374 virili
1164 3323 1232 3376 no·

178 3399 269 3494 stra,
296 3400 432 3493 telique
456 3398 646 3473 vocabula·
664 3399 792 3492 quibua
820 3399 1039 3494 appellatur,
1071 3398 1231 3476 tranaui-

178 3520 266 3582 nius.

118 3622 122 3675 r
182 3674 185 3679 ,
251 3617 318 3689 24.v
329 3592 418 3669 Cum
435 3615 523 3692 ergo
537 3594 667 3670 dixerit
679 3592 825 3689 seipsum
841 3597 958 3671 lucem
970 3596 1232 3684 mundi30tiana
1263 3566 1266 3573 ¹

118 4264 150 4395 5.

181 3700 363 3801 pssroxitnn
391 3693 566 3775 &finilia
586 3695 671 3777 huic
693 3698 802 3791 voci,
829 3717 905 3810 que
930 3697 1136 3801 quibusdam
1159 3698 1234 3809 for·
1305 3786 1311 3791 ,

181 3796 288 3889 effe,
307 3815 393 3910 ‘non
418 3806 555 3868 tanturn
577 3793 949 3910 proximatione,
974 3795 1156 3907 sedetiam
1177 3820 1236 3909 ea·

183 3890 1236 4196 lllllililtitiissglllltlllltigllgil

748 4115 766 4195 5
1113 4114 1161 4173 uo
