2817 4575
263 377 326 456 rn
360 377 651 476 joannem
687 373 894 456 tonus
929 377 957 457 1.
1089 401 1136 462 ιι

136 539 162 616 st
183 537 377 636 Evangelia
394 537 613 614 circumferri
629 539 734 614 etiam
754 554 829 616 tum
845 537 950 634 Ant
969 551 1044 617 tum
1054 536 1147 634 Epi·-

136 643 189 716 laa
201 640 475 734 Apostolorum,
493 640 528 711 u
539 639 676 714 idcirco
694 640 767 713 hoc
783 643 1034 736 minusverum
1052 637 1139 729 elie,

135 739 180 814 ad
202 735 357 831 superius
383 740 428 812 de
445 739 517 812 hoc
542 741 727 822 vocabulo
752 739 979 831 tradidimus,
1004 761 1138 832 nempe

136 841 317 936 angelium
338 840 450 922 totiur
477 838 667 934 Scripturae
691 837 862 940 ὀπαρχην
886 835 1139 936 (primitias)
1264 927 1267 934 ¹

135 958 169 1012 ει
186 933 375 1011 dicendum
394 933 474 1011 sane
493 936 543 1010 est
560 959 699 1027 eorum,
718 938 776 1026 qui
793 935 967 1034 sapienter
984 941 1020 1013 in
1037 935 1138 1012 Chri·

142 1090 156 1129 ‚
184 1037 321 1129 quique
333 1045 378 1109 e'x
395 1038 447 1110 hir
463 1035 635 1128 praedittl'a
654 1033 823 1130 Epistolis
846 1039 1034 1110 utilitatem
1055 1057 1137 1134 per·

135 1151 255 1209 ierunt
273 1136 436 1226 quidem,
461 1132 518 1209 sed
533 1153 675 1227 tamen,
702 1157 775 1227 quo
792 1133 899 1210 fidem
915 1151 1137 1228 mereantur,
1202 1145 1204 1149 ·

137 1237 239 1332 lgent
261 1233 492 1330 testimoniis,
515 1257 593 1329 quae
611 1237 651 1312 ''in
674 1237 844 1332 legalibus
862 1235 894 1308 tr
911 1235 1139 1332 propheticir

135 1336 216 1428 iptis
235 1334 491 1424 continentur,
509 1335 602 1408 hanc
618 1333 687 1408 elle
703 1349 880 1426 mentem,
899 1348 940 1410 ut
956 1333 1144 1428 sapientia¹

139 1434 220 1507 dem
232 1436 337 1527 plena
350 1435 382 1505 ἀ
395 1434 573 1507 credibilia
591 1433 625 1508 &
645 1435 878 1508 vehementer
894 1431 1025 1507 sancita
1035 1432 1138 1525 Apo·

135 1535 202 1605 lica
221 1530 290 1605 ell'e
307 1531 446 1612 dicant,
462 1530 519 1606 sed
535 1536 576 1607 iis
594 1535 801 1624 neutiquam
821 1533 1033 1606 consimilia:
1062 1535 1137 1602 Hae

137 1637 547 1728 iDominur'omnr'potem.
598 1631 645 1704 Et
663 1633 754 1706 hanc
773 1635 822 1704 ob
845 1630 981 1705 causam
1004 1629 1138 1725 inspice

134 1731 361 1825 mpletlatur‚
388 1753 549 1819 necne,
576 1730 652 1805 suaa
673 1729 851 1824 Epistolar
876 1731 1026 1821 Paulus,
1053 1751 1137 1805 cum

134 1833 185 1904 lt:
212 1836 326 1902 Omnis
341 1835 509 1927 Scriptura
525 1827 644 1920 afflatu
658 1835 784 1927 prodita
803 1832 895 1903 utilis
916 1831 973 1929 afl3
999 1830 1033 1902 δι
1054 1849 1137 1904 cum

140 1955 151 2005 t
179 1935 259 2002 Dico
281 1955 353 2024 ego,
376 1957 442 2002 nnn
466 1935 647 2017 Dominerr
675 1931 709 2002 &
733 1930 838 2003 illud:
865 1934 920 2002 Sic
942 1931 1139 2016 inemeribile

134 2030 223 2125 :sestis
242 2031 371 2116 ordin03
397 2033 570 2122 itemque:
598 2032 723 2122 Qualia
740 2029 847 2124 puffirs
863 2030 929 2113 sum
947 2028 1139 2114 Antiochia,
1181 2058 1186 2070 ·

134 2137 197 2215 nii,
213 2130 351 2226 Lyflris,
368 2129 401 2201 &
420 2132 473 2202 hir
490 2129 623 2219 nmilia,
641 2127 819 2202 interdum
840 2130 883 2201 ab
901 2124 977 2221 ipso
994 2123 1138 2220 scripta,

134 2233 228 2304 iuxta
243 2225 473 2323 potestatem,
489 2249 566 2304 non
583 2243 702 2304 tamen
723 2226 913 2303 secundum
934 2237 1138 2301 accuratam

134 2331 316 2404 ceritatem
346 2329 566 2421 sermonum,
592 2327 757 2420 quisunt
783 2349 827 2400 ex
851 2328 974 2401 divina
995 2322 1140 2416 inspira·

135 2452 194 2505 ne.
246 2428 389 2502 Deinde
402 2427 478 2503 hoc
495 2430 601 2501 etiam
624 2426 882 2500 ostendendum
905 2426 955 2501 est
975 2440 1140 2500 veterem

134 2532 298 2622 ripturam
328 2549 403 2600 non
430 2528 499 2601 elle
526 2526 789 2621 Evangelium,
822 2546 900 2617 quae
929 2526 1139 2599 venientem

134 2650 158 2701 n
173 2626 349 2717 ostendit,
376 2627 434 2699 sed
451 2628 691 2720 praenuntiam
718 2644 862 2699 omnem
878 2642 969 2697 vero
986 2643 1140 2711 novam,

133 2726 320 2822 rangelium
344 2724 437 2815 elle,
463 2747 541 2817 quae
565 2744 641 2799 non
658 2723 771 2797 solum
795 2722 867 2819 (ut
890 2725 927 2796 in
950 2720 1140 2817 Evangelii

133 2829 187 2899 tio
206 2824 471 2923 scriptumest)
489 2826 558 2897 ait:
585 2826 662 2895 Eue
681 2827 793 2917 Agnus
813 2827 897 2908 Dei,
924 2846 985 2893 accc
1005 2828 1060 2917 qui
1082 2844 1143 2891 aar·

134 2940 291 3021 rpeccara
311 2930 438 3011 munli,
465 2923 699 2999 verumetiam
720 2942 797 3013 que
822 2923 939 2995 variar
959 2920 1143 3012 opinonea

134 3024 335 3115 &rinasque
361 3025 530 3097 continet
554 3018 654 3113 ejus,
680 3042 743 3112 per
770 3037 875 3111 quem
905 3016 1141 3114 Evangelium

133 3184 135 3191 .
154 3120 403 3218 Evangelium.
443 3121 655 3195 Praetereasr
674 3122 774 3192 Deus
795 3120 914 3213 posuit
929 3122 965 3192 in
984 3117 1142 3191 Ecclesia

133 3221 308 3300 mitulos,
333 3222 367 3294 ἃ
388 3221 607 3314 Prophetas,
625 3219 659 3291 δι
678 3216 942 3315 Evangelistas,
964 3217 1143 3291 Pastorer·

133 3320 407 3411 emunctores,
424 3342 506 3395 cum
516 3334 683 3392 accurate
693 3318 1014 3392 examinaverimus
1028 3317 1142 3407 quod·

133 3440 166 3493 m
190 3420 234 3494 stt
256 3418 486 3525 Evangelistae
513 3416 690 3509 officium,
717 3417 1013 3493 &invenerimus
1035 3415 1143 3508 perti·

132 3520 234 3593 read
252 3540 331 3593 eum
348 3540 424 3591 non
441 3519 576 3609 semper
593 3536 757 3590 enarrare
774 3537 931 3607 quonam
947 3514 1050 3608 patto
1065 3512 1142 3587 Ser·

134 3636 195 3691 tor
217 3638 348 3692 cecum
367 3639 387 3690 a
405 3619 596 3691 nativitate
619 3615 814 3706 sanaverit,
841 3614 1026 3689 soetentem
1048 3632 1143 3687 mot-

132 3740 186 3793 um
204 3718 440 3808 excitaverit,
459 3720 517 3790 vel
536 3714 665 3805 aliquid
681 3715 783 3808 supra
798 3715 981 3788 hominum
999 3713 1143 3807 opinio·

135 3839 169 3891 m
189 3816 340 3903 iecerit3
356 3836 433 3889 non
449 3816 687 3889 dubitabimus
703 3811 876 3887 affirmare
891 3815 1014 3905 aliquo
1029 3811 1143 3887 modo

132 3917 324 4010 rangelium
349 3914 439 3995 elle,
465 3936 541 4006 quae
559 3910 758 4005 scripserint
777 3904 967 4004 Apostoli,
994 3912 1143 3985 eumad

132 4013 326 4115 vangelista
345 4032 471 4092 munuc
485 4017 655 4219 attingat}
681 4012 937 4095 adhortatorie
949 4013 1163 4191 etiarn&-
