2817 4575
220 353 224 360 ·
337 311 402 395 ru
441 309 734 440 Jonnnenr
770 244 980 396 ron-us
1017 307 1090 390 vr.
1155 323 1225 420 au
1281 263 1329 305 ·’

165 478 334 582 tqiatum
354 476 407 554 est
432 479 525 574 apud
554 477 741 566 Gentiles,
766 478 899 560 multos
925 475 1009 550 caedi
1034 494 1102 570 pro
1125 497 1225 554 corn·

164 584 266 658 moni
292 581 475 656 bominum
501 575 610 654 salute
633 575 763 671 seipsos
790 571 984 668 tradidiffe,
1012 594 1093 650 cum
1120 575 1225 672 pesti

166 686 286 757 lenter
308 680 423 754 morbi
450 676 544 768 suant
571 680 718 771 patriam
739 673 951 749 invasrtient.
1005 675 1053 754 Et
1069 679 1154 756 ‚haec
1175 678 1226 752 itt

166 777 325 866 eveniffe
341 779 496 853 admittit
509 798 586 852 uon
602 777 673 852 stne
690 773 791 849 causa
806 773 958 872 historiis
976 778 1131 872 credent.
1143 775 1222 852 Cle·

165 897 269 958 mena
286 880 346 953 ilie
363 874 499 971 tidelia,
525 877 570 950 de
588 895 662 969 quo
680 875 830 948 huncio
849 877 995 952 modum
1015 874 1227 952 testificetur

164 977 318 1067 Paulus,
345 979 488 1050 dicens:
524 981 601 1047 Cum
622 977 797 1060 Clemente,
823 973 861 1049 ὅ
886 976 1016 1070 reliquis
1036 980 1226 1069 coadjutori·

168 1083 225 1150 bus
240 1084 335 1162 meis,
360 1102 492 1174 quorum
518 1077 745 1164 ruminassent
771 1082 809 1144 in
829 1076 910 1146 lrbro
928 1080 1016 1150 vita.
1067 1074 1226 1153 Similem

165 1179 304 1254 babent
328 1175 632 1280 dissimilitudinem
656 1176 748 1268 apud
768 1196 872 1266 eum,
898 1177 957 1268 qui
981 1174 1073 1254 velit
1098 1175 1227 1272 myste-

166 1282 240 1370 ria,
267 1297 345 1368 quae
362 1279 652 1364 mundantem,
678 1272 860 1366 incusare,
888 1295 965 1368 quae
988 1277 1035 1364 de
1055 1271 1229 1369 Martyri-

167 1380 235 1452 bus
255 1378 462 1464 traduntur;
491 1374 573 1463 Deo
590 1377 697 1472 magis
711 1377 954 1467 approbante,
973 1388 1014 1447 ut
1032 1375 1094 1448 vel
1113 1373 1232 1469 asper«
1330 1380 1333 1386 '

166 1479 257 1552 rima
274 1461 443 1570 supplicia
462 1470 708 1569 suscipiamur,
734 1474 816 1548 dum
832 1467 1050 1549 confitemur
1064 1475 1159 1550 illiue
1175 1476 1226 1550 di·

166 1580 379 1665 vinitatem‚
407 1595 510 1666 quam
530 1586 625 1647 etot
649 1579 779 1663 rebus,
806 1592 882 1666 quae
908 1577 1007 1647 malae
1028 1572 1228 1651 existiman·

166 1692 249 1767 tur,
275 1673 414 1747 liberari
433 1674 477 1764 ad
494 1677 607 1747 breve
626 1686 791 1768 tempus,
817 1672 981 1747 sermone
1002 1672 1129 1748 nostro
1151 1676 1230 1750 ubi-

167 1795 238 1866 que
253 1771 440 1866 sequentes
450 1772 912 1846 voluntateminimicorum
922 1775 1095 1848 veritatis.
1108 1777 1237 1875 Quam.

167 1880 217 1948 ob
237 1893 311 1950 rern
326 1871 523 1947 existimare
540 1874 709 1950 debemus
721 1870 992 1946 destrudiionem
1007 1869 1083 1947 fieri
1098 1887 1230 1968 poten-

166 1966 560 2049 tiarummaleficarum
584 1991 648 2065 per
678 1986 832 2046 mortem
860 1969 1059 2048 saniiorum
1087 1961 1235 2068 Marty·'

164 2091 270 2161 rum,
299 2074 412 2145 veluti
435 2073 628 2146 tolerantia
647 2091 797 2161 eorum,
825 2067 1098 2148 &consertione
1113 2093 1229 2166 usque
1285 2094 1301 2106 ‘

166 2167 211 2248 ed
237 2186 414 2263 mortem,
440 2187 547 2263 atque
572 2190 654 2267 erga
671 2174 840 2263 pietatem
859 2171 1142 2263 promritudine,
1167 2174 1230 2250 be·
1304 2186 1306 2189 ’

165 2271 419 2349 betantibusdr
437 2272 679 2369 mitigantibus
693 2268 870 2355 feritatem
889 2269 1088 2373 insidiarum
1106 2287 1230 2368 tyran·

164 2393 298 2449 norum
318 2372 482 2464 iliorum,
507 2387 635 2445 eontra
658 2386 718 2445 tot
739 2368 917 2444 cruciatur
941 2375 1160 2467 patientem,
1186 2385 1237 2467 ut,

163 2473 353 2555 hebetata.
369 2470 518 2543 &debili
535 2462 672 2542 reddita
683 2474 847 2563 potentia
863 2468 1034 2564 ipsorum,
1046 2466 1103 2547 aiii
1119 2474 1228 2553 etiam

165 2574 285 2667 plures
311 2568 436 2662 vitiis,
463 2571 728 2643 dimitterentur
750 2573 887 2643 liberati
913 2591 960 2643 eo
982 2591 1126 2667 onere,
1153 2595 1229 2667 quo
1282 2604 1287 2613 ·
1325 2652 1329 2667 ,

167 2671 342 2766 potentiae
366 2674 463 2743 niaiae
489 2668 659 2741 instantes
679 2691 743 2741 eoa
765 2672 963 2766 gravabant
986 2664 1229 2747 &laedebant

166 2773 266 2868 Quin
285 2769 391 2850 etiam
412 2769 594 2862 Martyres
610 2767 693 2861 infr,
722 2773 780 2861 qui
797 2765 877 2862 paffi
895 2767 996 2861 sunt,
1014 2769 1138 2864 Postea
1151 2793 1229 2847 non

165 2873 332 2944 incidunt
349 2869 386 2941 in
405 2866 596 2963 supplicia,
614 2871 775 2960 quamvis
791 2890 865 2941 non
880 2868 1093 2960 debilitatis,
1111 2893 1152 2945 ac
1168 2872 1228 2946 de·

165 2967 294 3045 leuatis
319 2968 395 3048 hia,
422 2973 488 3061 qui
509 2972 597 3065 alios
623 2969 721 3042 malis
748 2963 928 3059 afficiunt,
955 2970 1119 3046 nimirum
1144 2973 1227 3064 quia

165 3070 222 3161 ia,
249 3070 307 3160 qui
333 3071 438 3142 talem
463 3067 642 3142 vidimam
666 3070 823 3158 obtulit,
851 3069 941 3140 vicit
965 3071 1057 3145 bano
1082 3085 1242 3157 contra·

162 3169 250 3241 riam
269 3168 483 3260 potentiam,
502 3183 669 3260 tanquam
689 3162 713 3241 sr
733 3188 779 3240 ex
798 3167 900 3259 parte
917 3168 985 3242 hac
1002 3184 1125 3245 uterer
1140 3172 1229 3247 iimi-

164 3268 315 3343 litudine
330 3268 407 3342 utili
424 3271 465 3341 ad
486 3288 546 3349 ea,
573 3267 617 3340 de
637 3266 914 3362 quibus‘agitur:
949 3270 1022 3367 Qui
1039 3268 1227 3365 interficit,

164 3381 228 3443 aut
252 3369 408 3441 termino
434 3368 526 3459 sopit
550 3369 677 3440 animal
703 3382 943 3456 venenatum,
967 3383 1030 3442 eut
1052 3369 1163 3463 ipsum
1188 3372 1228 3447 vi

163 3468 326 3562 quapiam
354 3488 504 3540 vacuum
533 3467 650 3538 reddit
675 3487 694 3538 a
716 3486 882 3561 veneno,
909 3469 938 3539 is
959 3467 997 3540 in
1014 3471 1149 3544 multos
1166 3473 1229 3546 be·

163 3563 292 3643 ueficia
311 3562 470 3657 confert,
487 3569 545 3656 qui
562 3560 794 3656 inposterum
812 3566 942 3656 aliquid
962 3564 1088 3660 paffuri
1106 3584 1228 3665 erant,

162 3666 224 3743 nisr
241 3660 465 3740 interfetium
482 3664 579 3749 iilud,
599 3665 657 3736 vel
678 3661 832 3754 sopitum
850 3662 981 3755 fuisset,
997 3668 1058 3738 vel
1078 3688 1227 3755 veneno

164 3777 394 3839 evacuatum.
449 3769 568 3857 Atque
585 3763 689 3838 etiarn
706 3766 727 3837 ir
747 3764 850 3837 alicui
866 3763 986 3839 morso
1002 3767 1227 3846 manifestum
1286 3761 1291 3787 ¹

162 3860 247 3957 fiat,
273 3863 492 3938 &liberatus
510 3864 571 3939 ille
587 3885 607 3937 a
626 3879 853 3938 nocumento
873 3883 939 3958 per
957 3864 1111 3942 morsum
1138 3891 1226 3943 con·
1253 3948 1255 3953 ,

161 3962 302 4059 natio,
336 3958 468 4060 defigat
491 3965 622 4039 oculor
646 3964 684 4038 in
711 3978 916 4058 mortuum,
946 3966 1004 4059 qui
1029 3962 1137 4059 lesrt,
1164 3971 1227 4043 vel

993 4065 1194 4138 imitando.
