2817 4575
666 261 670 272 .
903 259 936 296 ,,

339 379 409 467 IN
444 377 740 488 JOANNEM
776 379 1079 465 Tolumni·
1156 402 1229 484 415

164 548 309 649 cephas,
335 550 560 650 cogitatione
572 539 741 646 ''diueqsus
764 545 882 624 eliab
902 571 975 643 eo,
1003 550 1064 644 qui
1084 548 1229 623 videtur

162 670 247 727 eum
268 649 415 726 fratrea
435 649 908 748 Josude'ambultntejuxra
931 667 1028 737 mare
1050 645 1226 740 Galilaeae3

162 752 324 827 diversus
347 755 455 826 etiem
478 754 522 825 ab
549 753 700 846 eo,1qui
729 770 809 842 cum
835 752 899 824 illo
922 751 1069 831 Andren
1086 745 1230 845 'pariter

163 854 282 926 audit:
313 853 430 925 Venire
440 850 503 951 pepi
522 851 652 948 mm&
666 851 786 943 facicm
802 873 860 922 vor
871 849 1040 947 piscatores
1051 851 1227 927 hominum.

160 952 333 1026 Docebat
355 955 475 1047 enim,
501 966 545 1026 ut
568 950 628 1045 qui
651 951 885 1025 renuntiabat
903 948 1062 1024 solidiori
1084 954 1229 1025 ratione

163 1052 212 1148 de
229 1062 330 1148 λογῳ
348 1050 451 1148 (hoc
465 1044 539 1146 est,
555 1051 600 1125 de
615 1046 693 1125 filio
711 1051 831 1144 Dei),
856 1052 915 1152 qui
930 1050 1042 1125 faclus
1060 1047 1111 1124 est
1125 1072 1227 1146 caro,

162 1154 225 1245 qui
245 1154 354 1228 etiam
368 1167 488 1228 ortum
509 1153 602 1227 hanc
620 1153 670 1224 ob
685 1148 822 1227 causam
838 1170 915 1225 non
934 1149 1068 1244 scripsit
1081 1149 1144 1225 filii
1158 1153 1229 1225 Dei

144 1250 348 1329 ‘existentis
367 1254 405 1325 in
425 1251 606 1348 principio
622 1252 716 1345 apud
737 1251 868 1345 Deum,
884 1253 1137 1349 nejnventum
1153 1254 1229 1344 qui·

159 1353 245 1456 dem
264 1352 358 1447 apud
379 1372 497 1446 mare,
524 1354 681 1445 indeque
704 1367 874 1426 vocatum
896 1353 1040 1441 dicere,
1068 1350 1127 1425 sed
1150 1371 1230 1425 nar·

157 1470 241 1550 rare
261 1452 450 1527 inventum
468 1475 487 1525 a
508 1451 642 1546 fratre,
670 1453 730 1546 qui
750 1452 872 1528 mansit
889 1450 982 1547 apud
1000 1450 1119 1549 Jesum
1135 1452 1229 1527 hora

159 1515 324 1644 decima,
351 1554 411 1646 qui
426 1554 534 1628 etiam
548 1571 595 1625 eo
614 1553 712 1646 quod
730 1551 777 1625 irc
790 1552 960 1626 inuentus
980 1551 1110 1637 fuerit,
1137 1571 1228 1627 mox

158 1657 346 1745 acceperit
364 1672 500 1728 nomen
518 1649 570 1725 Ce
597 1650 661 1727 hae.
712 1649 807 1728 Nam
828 1652 888 1744 qui
906 1653 1053 1725 videtur
1071 1674 1092 1726 a
1108 1652 1228 1729 deam·

156 1750 312 1826 bulante
322 1753 426 1843 iuxta
443 1769 540 1826 mare
592 1754 725 1847 elileae,
742 1754 805 1827 vix
821 1753 1012 1845 aliquando
1027 1754 1134 1828 etium
1146 1750 1236 1848 post¹

156 1844 251 1927 illud
269 1855 422 1948 accipit:
452 1846 503 1926 mr
523 1876 551 1924 er
579 1856 710 1940 Petrus,
738 1852 778 1930 U
794 1855 889 1950 super
912 1853 996 1924 hone
1016 1843 1138 1947 petram
1154 1855 1229 1925 adi·

144 1955 255 2050 ficato
279 1945 572 2051 Ecclefiam‘meam.
622 1950 672 2029 Et
693 1951 811 2048 Jesum
837 1953 981 2045 quidem
1002 1954 1095 2045 apud
1116 1954 1228 2051 Joan-

152 2071 246 2128 nem
264 2050 463 2151 agnoscunt
483 2053 669 2148 baptizare
688 2048 849 2127 Pharisaei
872 2053 909 2127 in
930 2052 1108 2149 discipulis
1129 2054 1227 2149 ejus,

154 2151 245 2227 ¹num
267 2155 342 2226 aliis
356 2156 462 2229 rebus
481 2155 668 2250 precipuis
687 2156 795 2228 etiem
812 2154 885 2228 hoc
898 2150 1053 2228 faciens:
1080 2168 1117 2227 at
1132 2154 1228 2247 apud

155 2265 233 2326 tres
257 2252 355 2346 lesus
383 2254 654 2348 haudquaquam
681 2252 875 2347 baptizat.-
902 2254 1051 2349 Iniuper
1071 2254 1229 2348 Baptista

155 2352 319 2451 Joannes
347 2357 439 2447 apud
462 2355 619 2450 ejusdem
643 2357 800 2429 nominis
826 2352 1090 2452 Evangelistam
1110 2351 1229 2449 perse·

155 2466 266 2527 verat
283 2472 358 2526 non
377 2453 563 2549 conjedlus
581 2458 616 2530 in
635 2475 824 2530 carcerem.
867 2455 1005 2529 Contra
1022 2455 1116 2548 apud
1130 2455 1228 2528 Mat·

156 2554 291 2628 thaeum
309 2553 386 2627 fere
404 2569 546 2629 tentato
564 2552 645 2652 Jesu
665 2558 701 2629 in
719 2574 899 2647 carcerem
920 2557 1094 2642 traditum
1118 2574 1226 2646 quam

156 2655 210 2728 ob
237 2651 372 2729 causam
396 2653 531 2729 secedit
551 2658 656 2729 etiam
679 2654 779 2752 Jesua
800 2656 836 2728 in
860 2654 1062 2746 Galilaeam,
1089 2652 1226 2729 cavens

154 2752 254 2828 trudi
279 2756 316 2827 in
339 2774 542 2830 carcerem:
567 2755 714 2848 quando
735 2776 782 2829 ne
802 2756 937 2828 carceri
955 2756 1099 2846 quidem
1119 2755 1229 2828 tradi·

155 2850 217 2928 tus
242 2852 426 2929 invenitur
445 2855 598 2951 Baptista
614 2857 708 2948 apud
728 2857 914 2942 loannem.
968 2855 1125 2928 Proinde
1149 2857 1229 2947 quid

155 2952 253 3029 ndeo
279 2952 437 3049 sapiens,
471 2957 566 3029 &ln
595 2970 733 3030 tantum
758 2955 913 3029 idoneus
940 2955 1010 3046 est,
1037 2971 1078 3027 ut
1106 2971 1228 3030 totum

154 3052 277 3153 Jesum
299 3071 343 3128 ex
364 3068 521 3148 quatuor
537 3054 774 3153 Evangelistis
792 3055 927 3147 discat,
954 3057 1087 3148 quique
1104 3058 1226 3130 valcat

152 3171 443 3247 unamquamque
465 3175 541 3231 rem
571 3160 739 3250 privatim
768 3157 990 3252 agnoscere,
1023 3176 1226 3250 omnesque

153 3250 286 3338 Christi
306 3256 431 3331 videre
450 3258 508 3330 vel
528 3259 853 3352 peregrinationes,
869 3258 929 3329 vel
948 3254 1145 3348 sermones,
1164 3258 1227 3330 vel

151 3352 335 3529 nili,
349 3355 1227 3549 lnttlllltllllll‘fflqllillllnll

811 3511 824 3549 9

153 3552 345 3641 negotium
365 3559 451 3630 illud
469 3556 673 3650 nuptiarum
696 3559 733 3630 in
756 3552 855 3629 Cana
877 3553 1053 3643 Galilaeae,
1082 3554 1226 3631 descen·

155 3646 243 3726 disse
263 3653 534 3752 capharnaum,
562 3658 661 3751 quod
681 3658 964 3751 interpretatur,
993 3676 1076 3753 ager
1095 3656 1227 3732 conso·

153 3749 331 3842 lationis,
359 3776 439 3832 cum
464 3756 636 3832 matre&
664 3757 832 3830 fratribus
860 3757 893 3829 dc
922 3755 1111 3852 discipulis.
1166 3753 1243 3830 Ad·

154 3868 282 3946 wum-
296 3871 450 3945 namque
471 3857 731 3934 consolationis
753 3856 835 3950 post
858 3860 1002 3950 epulum
1024 3859 1110 3931 illud
1133 3855 1224 3928 vino

155 3949 303 4043 celebre
320 3971 402 4025 cum
420 3967 558 4049 matre,
584 3973 738 4045 cumque
754 3956 932 4053 discipulis
952 3958 1083 4035 venire
1096 3952 1226 4027 Serva-

154 4047 443 4173 ioifm'uecelie
469 4066 546 4131 erat
569 4052 842 4134 consolaturum
861 4053 1094 4151 discipulos,
1121 4067 1242 4218 rung·

222 4156 252 4179 ’“
1125 4165 1178 4217 en
