2817 4575
286 399 350 477 tu
388 371 685 500 Joauutu
723 391 934 472 uouus
972 396 1060 514 qi„
1109 400 1179 491 ³⁶³

95 545 184 662 {esta
214 563 304 640 Cum
322 561 414 635 enim
431 558 651 653 baptizamur
667 558 703 630 in
719 554 813 652 Jesu,
828 554 1051 654 agnoscimus
1063 561 1184 639 Deum

115 672 309 740 viventem
327 664 363 735 in
382 661 488 732 nobis
508 641 587 730 ess'e.
643 653 688 729 Et
704 658 777 729 iilic
796 659 977 751 quidem(
994 680 1124 756 nempe
1145 664 1184 736 in

117 759 319 860 AEgypto)
341 760 515 834 facientes
540 749 689 846 Pascha,
719 755 930 848 principium
959 761 1076 832 exitus
1101 759 1186 834 faci·
1277 837 1284 854 l

117 880 208 940 unt:
235 876 273 935 at
291 879 383 935 vero
403 857 495 952 apud
512 855 629 951 Jesurn
645 854 727 953 post
743 856 924 930 transitum
941 855 1107 951 Jordanis
1126 862 1186 934 de·
1285 933 1287 937 .

120 967 215 1041 eima
233 960 337 1052 priori
352 958 479 1034 menos
498 955 730 1031 castrametati
743 953 819 1030 sunt
831 958 1049 1053 inGalgaiis:
1077 981 1187 1050 quan·
1216 976 1218 982 ·

122 1066 173 1140 do
189 1062 341 1162 primum
359 1058 573 1150 oportebat,
600 1057 660 1150 qui
681 1054 872 1150 accepiiset
889 1076 1020 1140 ovem,
1045 1079 1188 1132 convo·
1217 1069 1225 1084 ⁸

111 1175 208 1238 -cate
223 1162 492 1234 convivaturoa
516 1154 596 1250 post
614 1158 787 1251 baptisma
803 1156 895 1252 jesu.
946 1156 1051 1230 Petra
1069 1177 1190 1235 autem

111 1260 318 1340 ocutiffima
336 1257 641 1332 circumciduntur
655 1251 717 1327 filii
739 1255 842 1328 lsrael
859 1278 877 1327 a
897 1256 997 1348 lesu,
1023 1259 1190 1335 nimirum

126 1362 229 1458 quod
244 1379 372 1433 omnes
390 1354 453 1430 fiiii
469 1375 611 1450 eorum,
625 1357 683 1446 qui
703 1355 822 1451 egteffi
841 1356 983 1430 fuerant
999 1379 1044 1429 ex
1054 1355 1193 1454 AEgyp·

126 1479 191 1554 to,
217 1456 450 1533 incircumcisi
471 1453 603 1546 edent,
628 1454 914 1547 &opprobrium
930 1454 1082 1553 AEgypti
1100 1460 1193 1533 fate-
1216 1491 1230 1546 ·.
1308 1537 1310 1542 ,

125 1577 188 1641 tur
211 1560 391 1636 Dominus
418 1554 452 1630 se
476 1553 617 1628 auferre
638 1555 675 1627 in
700 1556 758 1629 die
782 1556 1004 1649 baptismatis
1030 1560 1066 1630 in
1090 1560 1193 1654 Jesu,

130 1660 278 1756 quando
312 1653 410 1754 Jesus
443 1656 681 1753 undequaque
713 1653 917 1749 purificavit
947 1654 1042 1731 filios
1079 1657 1195 1743 lsrael.

129 1763 313 1855 Scriptum
331 1755 382 1830 est
399 1757 514 1830 enirn:
552 1757 599 1827 Et
615 1758 701 1825 dixu
722 1760 880 1827 Dominus
895 1758 936 1827 ad
957 1761 1069 1852 Jesum
1094 1760 1197 1844 filium

132 1858 255 1938 Nove:
275 1859 382 1931 India
400 1858 457 1926 hac
471 1857 602 1925 devolvi
618 1884 639 1926 o
653 1856 742 1925 vobis
755 1860 901 1951 probrum
913 1859 1062 1952 AEgppti.
1088 1858 1197 1935 Tunc

131 1963 301 2038 fecerunt
324 1954 386 2030 filii
411 1956 513 2028 israel
540 1954 667 2049 pascha
684 1956 948 2046 quartadecima
967 1959 1025 2031 die
1047 1961 1198 2054 mensis,

131 2063 245 2156 longe
267 2077 370 2149 quam
394 2058 429 2128 in
453 2053 617 2150 AEgypto
639 2054 805 2145 hilarius,
832 2057 979 2146 quando
1003 2062 1109 2132 etiam
1135 2080 1199 2134 co·

133 2162 326 2237 mederunt
342 2179 363 2231 e
378 2156 559 2228 frumento
583 2169 685 2230 terrae
703 2154 827 2240 sancta
844 2177 983 2249 azyma,
1004 2160 1037 2230 u
1057 2180 1200 2234 novum

136 2263 257 2345 cibum
283 2257 469 2331 meliorem
498 2275 637 2330 manna.
685 2254 817 2348 Neque
841 2258 940 2331 enim
964 2278 1046 2334 cum
1072 2274 1204 2336 terram

136 2357 375 2461 promiffionis
399 2359 625 2448 acceperint,
654 2356 842 2431 vilioribus
871 2360 966 2432 cibat
990 2379 1056 2434 eos
1081 2361 1203 2436 Deua-t

137 2480 260 2552 neque
281 2460 373 2531 duce
400 2454 460 2529 uu
483 2454 564 2549 Jesu
586 2454 795 2530 inferiorem
816 2477 945 2549 panem
961 2456 1204 2551 affequuntur.

139 2561 228 2639 Hoc
243 2557 350 2633 etiam
372 2554 595 2648 perspicuum
620 2558 688 2627 erit
712 2556 950 2629 consideranti
967 2579 1088 2634 veram
1109 2560 1207 2634 sanc·

142 2660 289 2748 tamque
306 2671 455 2737 terram,
483 2654 646 2729 nimirum
663 2653 847 2746 supernam
865 2656 1067 2749 Jerusalem.
1102 2661 1207 2734 Hanc
1286 2696 1288 2701 ·

142 2763 194 2835 ob
211 2755 346 2832 causam
366 2756 402 2827 in
419 2756 484 2853 illo
501 2755 606 2828 etiam
627 2752 831 2850 Evangelio
847 2757 934 2828 illud
954 2760 1120 2848 ponitur:
1149 2765 1209 2832 Pa·

144 2878 210 2935 itas
232 2856 328 2953 vessri
354 2862 390 2924 in
417 2856 531 2940 deserto
557 2852 836 2926 manducaverunt
860 2879 1001 2944 manna,
1027 2857 1065 2934 (5
1090 2865 1210 2936 mortui

138 2956 233 3055 suut.
286 2959 354 3049 Qui
384 2957 468 3025 hunc
492 2979 567 3025 ortu
590 2977 704 3052 ponem
729 2958 989 3044 manducaverit3
1013 2962 1042 3027 is
1063 2958 1211 3030 vitinus

134 3060 186 3158 ιβ
207 3065 244 3129 in
260 3077 423 3129 aternum.
474 3055 609 3129 Manna
625 3057 760 3129 etenim
777 3055 886 3147 iilud,
905 3058 1037 3131 etiamst
1060 3077 1136 3132 crat
1152 3083 1213 3154 pa·

148 3163 205 3237 nia
222 3180 241 3231 a
258 3158 340 3231 Deo
358 3157 475 3246 datus,
504 3171 581 3229 erat
601 3166 721 3231 tamen
739 3154 845 3248 panio¹
860 3156 1057 3252 profectus,
1076 3161 1108 3232 dr
1128 3183 1213 3255 auq-

134 3260 275 3345 menti,
302 3260 354 3331 iris
370 3256 625 3349 suppeditatur,
642 3256 701 3347 qui
720 3255 912 3343 etiamnum
929 3258 1129 3356 indigerent
1144 3283 1214 3353 par-

103 3371 108 3380 ·
152 3359 314 3455 dagogis,
333 3370 480 3447 eratque
495 3356 595 3449 panis
614 3356 967 3443 convenientiffimus
985 3358 1052 3450 his,
1072 3360 1131 3452 qui
1149 3359 1212 3433 sub
1289 3398 1291 3405 ·

138 3458 339 3535 'tutoribus
358 3457 391 3530 u
409 3457 634 3528 curatoribus
651 3469 764 3530 erant.
798 3454 850 3529 At
866 3460 957 3530 vero
972 3462 1072 3551 panis
1087 3479 1236 3557 recens„

155 3555 353 3646 demessus,
370 3557 570 3630 mediatore
579 3551 685 3651 jesu,
701 3555 738 3628 iti
755 3567 849 3630 terra
865 3554 1015 3630 santiae
1032 3559 1217 3634 frumento

156 3676 261 3736 terra
280 3655 350 3748 (ca
365 3677 441 3745 quae
458 3655 514 3727 aiii
529 3657 790 3733 laboraverunt
804 3657 1021 3731 metentibus
1034 3658 1141 3751 ipfiua
1154 3659 1219 3733 dis·
1305 3717 1314 3734 .

144 3757 311 3852 cipulis)
334 3757 397 3826 illo
418 3777 509 3847 pane
535 3758 646 3854 longe
668 3755 816 3830 vitalior
836 3769 934 3828 erat:
965 3758 1024 3845 qui
1045 3759 1220 3835 distribui·
1315 3826 1317 3831 .

158 3875 219 3934 tur
246 3860 310 3932 iis,
337 3857 395 3947 qui
420 3856 579 3949 recipere
602 3853 748 3966 poffunp
770 3870 952 3949 paternam
976 3857 1221 3934 hereditatem

140 3972 312 4057 ‘propter
329 3953 598 4043 perfectionem.
650 3956 851 4048 Quocirca,
875 3959 933 4046 qui
952 3959 1144 4035 etiamnum
1157 3959 1222 4031 ilio
1270 3966 1273 3975 “

160 4078 256 4163 panc
283 4055 443 4133 eruditur
472 4054 502 4131 u
528 4054 745 4155 instituitur,
775 4056 1253 4229 rationaiiiiuermmoptem

1091 4155 1229 4245 expete
1290 4218 1314 4253 ,Ἰ
