2817 4575
337 365 401 446 nu
437 361 732 470 Jonuuusr
768 362 975 452 nouus
1001 335 1107 443 rt*
1141 355 1226 466 'aar
1298 347 1301 358 ’

162 554 183 609 a
209 531 297 609 Deo
321 531 507 620 aberrant,
534 505 781 600 verumtamen
806 547 933 618 errore
950 530 1060 625 longe
1081 485 1228 624 praecel-

161 635 253 710 lenti
272 629 601 726 prestantioreque,
617 646 721 718 quam
741 646 881 719 eorum,
895 631 955 720 qui
970 646 1107 702 vocant
1120 629 1228 708 Deos

129 743 134 748 '
164 752 280 827 opera
300 749 466 820 manuum
483 727 691 817 hominum,
715 747 837 801 aurum
856 726 889 800 dr
908 745 1115 824 argentum,
1142 717 1228 806 attis

164 832 469 927 excogitationes.
520 826 572 897 At
591 827 754 924 omnium
777 827 892 898 ultimi
920 825 1019 917 sunt,
1046 830 1104 921 qui
1120 827 1229 908 dicati

164 932 248 1007 sunt
258 930 327 1020 his,
347 928 405 1019 qui
418 927 478 999 Dii
495 926 637 1019 quidem
650 926 834 1018 dicuntur,
849 926 1120 1020 haudquaquam
1135 945 1230 1003 veto

129 1025 133 1040 “
166 1032 260 1106 sunt.
294 1028 462 1102 Similiter
478 1026 584 1122 igitur
598 1026 705 1115 aliqui
726 1027 941 1119 participant
960 1030 1101 1119 quidem
1123 1028 1230 1123 ipsrus

160 1137 262 1227 'hope
282 1126 350 1225 (id
368 1125 419 1201 est
436 1128 584 1198 rationis
603 1123 679 1198 live
694 1123 908 1217 sermonis),
934 1127 1063 1220 quiest
1081 1130 1118 1203 in
1135 1130 1233 1223 prin·
1263 1147 1265 1151 ·

168 1232 268 1327 cipio
280 1283 307 1316 ,.
334 1228 368 1300 ui
385 1224 436 1301 est
450 1226 541 1318 apud
558 1223 691 1315 Deum,
709 1227 767 1316 qui
786 1224 837 1299 est
855 1223 970 1319 Deus,
989 1226 1232 1320 verutOseas,

168 1250 417 1424 &Jeressiam
445 1322 634 1417 enfans,
660 1324 694 1396 u
716 1326 820 1417 siquis
844 1326 930 1399 alius
954 1329 1062 1402 talem
1083 1326 1234 1426 seipsum

169 1430 354 1520 exhibuit,
380 1444 421 1499 ιιι
438 1423 553 1498 sermo
575 1423 745 1504 Domini,
771 1427 832 1497 vel
850 1423 965 1499 sermo
988 1426 1233 1516 arsenatem

171 1529 232 1616 alii
259 1548 374 1618 vero,
401 1527 460 1616 qui
481 1524 570 1598 nibil
595 1520 732 1615 fciunt,
765 1525 828 1598 nist
853 1525 972 1621 Jesum
996 1526 1173 1601 Christum
1199 1525 1235 1598 ἃ

164 1634 271 1707 hunc
288 1620 512 1715 crucifixum,
525 1622 869 1708 tantumsecundum
880 1647 1021 1700 carnem
1034 1626 1235 1725 agnoscunt

172 1727 365 1817 Christum,
381 1723 621 1798 existimantes
637 1722 673 1795 se
687 1724 819 1797 habere
838 1727 987 1820 amplius
1003 1726 1091 1801 nihil
1110 1728 1154 1801 de
1167 1726 1237 1800 sete
1291 1739 1293 1741 ’

172 1851 307 1921 mone,
331 1824 393 1902 nisr
413 1822 511 1918 quod
532 1842 616 1895 caro
633 1820 744 1897 uuus
765 1824 836 1896 eli:
863 1827 1061 1916 cujusmodi
1079 1827 1130 1901 est
1147 1825 1237 1912 mul,-

172 1931 296 2005 titudo
322 1946 472 2015 eorum,
499 1923 558 2013 qui
582 1922 730 2018 credete
750 1936 934 2015 putantur.
984 1927 1062 2022 Jam
1082 1927 1180 1998 tertii
1203 1923 1241 2014 le¹

173 2027 397 2106 sermonibus
415 2024 670 2114 aliquantulum
686 2022 787 2096 illurn
804 2020 1004 2098 sermonem
1016 2018 1240 2118 'participan-

174 2131 273 2203 tibus
301 2126 572 2218 applicuerunt,
599 2120 750 2215 perinde
773 2122 867 2212 quast
892 2113 1072 2198 sermones
1092 2126 1142 2198 illi
1161 2143 1240 2198 orn·
1334 2150 1336 2178 ι

174 2249 260 2306 nern
282 2225 484 2301 lbrmonem
509 2222 730 2314 praecellant.
781 2220 831 2295 Et
853 2219 953 2297 forte
976 2225 1012 2299 hi
1038 2223 1143 2319 sunt,
1178 2219 1242 2325 qui

175 2330 365 2424 praeclaras
388 2325 424 2396 in
448 2319 698 2417 Philosophia,
724 2320 757 2394 dt
785 2321 987 2415 praestantes
1010 2323 1116 2399 sectas
1140 2321 1241 2417 apud

178 2428 346 2505 Gentiles
370 2436 555 2499 exercent.
606 2424 750 2516 Quarto
769 2443 861 2496 vero
879 2425 967 2497 loco
986 2427 1029 2497 ab
1048 2427 1102 2498 his
1119 2444 1243 2500 nume·

177 2528 278 2604 randi
301 2524 380 2598 sunt
405 2523 478 2600 illi,
505 2523 564 2611 qui
585 2517 807 2593 sermonibus
829 2523 973 2617 prorsus
999 2525 1179 2617 corruptis
1206 2522 1242 2597 dt

178 2629 297 2723 impiis
319 2622 576 2711 crediderunt,
602 2619 829 2711 evidentem,
856 2622 996 2701 acfere
1021 2622 1082 2697 sub
1106 2623 1244 2697 sensum

181 2729 372 2817 cadentem
398 2724 442 2795 de
468 2720 587 2792 medio
611 2722 784 2794 tollentes
809 2721 1097 2815 providentiam,
1123 2722 1246 2797 alium·

182 2849 254 2919 que
270 2822 379 2899 finem
396 2821 603 2914 quemdam,
630 2835 758 2910 praeter
776 2822 911 2894 bonum
932 2820 1171 2897 honestumne
1186 2842 1247 2912 ap,-

182 2929 392 3021 probantes.
444 2916 600 3017 Quodsi
629 2919 764 3016 digredi
792 2919 854 2992 visi
882 2918 1020 2998 sumus,
1052 2921 1246 3005 commode

183 3043 306 3103 tamen
322 3023 364 3096 id
390 3018 511 3095 fecilie
533 3038 672 3112 remur,
700 3017 733 3090 u
755 3017 940 3112 apposite,
965 3019 1130 3093 nimirum
1148 3018 1248 3119 quod

185 3127 228 3200 ad
247 3122 318 3196 Dei
337 3141 469 3195 nomen
486 3120 635 3210 attinet,
661 3138 719 3190 res
736 3131 891 3208 quatuor
912 3116 950 3191 in
972 3139 1019 3192 eo
1045 3118 1250 3213 inlpedluri,

187 3221 384 3298 &totidem
396 3224 431 3293 in
446 3219 593 3293 nomine
608 3228 714 3312 alo-poe
730 3217 816 3308 (qui
834 3215 885 3289 eli
903 3219 996 3290 ratio
1013 3217 1087 3292 five
1104 3217 1260 3303 sermo).-

186 3323 274 3397 Erat
291 3322 385 3394 enim
406 3320 504 3391 Deus
523 3336 604 3391 cum
622 3318 801 3411 articulo,
828 3315 980 3391 &Deus
994 3316 1066 3391 stne
1080 3318 1250 3410 articulo,
1332 3336 1334 3341 ·

188 3421 317 3498 deinde
337 3421 399 3493 Dii
414 3419 615 3512 dupliciter.
665 3418 862 3515 (Quorum
877 3418 1065 3491 meliorem
1084 3418 1251 3493 ordinem

190 3524 293 3598 Deus
318 3520 482 3592 Verbum
511 3517 672 3608 superat,
698 3538 719 3587 a
745 3513 829 3588 Deo
849 3535 967 3591 rerum
992 3519 1150 3591 omnium
1176 3518 1253 3611 ipse
1320 3588 1322 3593 .

190 3622 385 3717 superatus.
439 3616 487 3689 Et
507 3617 642 3689 rursum
668 3628 746 3688 erat
766 3609 782 3690 ὅ
803 3626 930 3710 nopae,
957 3616 1107 3691 fortalhs
1124 3618 1254 3693 'autem

193 3726 374 3815 ἄλογος,
401 3718 528 3791 eodem
552 3715 665 3790 modo
686 3734 759 3807 quo
779 3711 795 3790 ὁ
812 3723 896 3802 (deoc
918 3716 1059 3801 διΘιος.
1109 3717 1257 3790 Verbo·

193 3843 270 3897 turn
290 3817 396 3893 etiarn
415 3818 487 3889 duo
505 3814 586 3888 sunt
600 3835 746 3909 genera,
760 3834 923 3907 ,quorum
940 3815 1093 3890 humana
1107 3816 1257 3910 propria

197 3924 277 3997 sunt
293 3919 359 3993 alia
377 3915 517 4008 quidem
535 3914 669 4007 Patris,
696 3914 795 4006 quod
808 3915 884 4006 ejus
904 3928 1021 4009 partes
1039 3914 1134 4008 sint,
1154 3914 1256 3989 &his

200 4018 373 4117 finitima,
400 4036 477 4112 quae
495 4034 591 4094 nunc
605 4014 756 4091 verbum
775 4015 931 4115 apertius
948 4015 1273 4114 &planiusnob'tt

1034 4117 1248 4213 esplanat,
