2817 4575
154 311 194 387 '⁵
294 323 297 328 ⁵
349 341 421 452 'tn
457 348 749 474 Jonuu'nu
789 325 995 454 ‘sonus
1034 374 1108 462 vr.
1155 353 1240 476 37,
1291 419 1326 485 ,³

170 536 230 633 ιβ,
256 535 295 614 U
322 563 388 610 non
413 544 564 631 amauit.-
590 537 628 614 si
652 537 805 631 ctnsffts
828 539 890 637 eft:
927 543 1008 613 Non
1021 541 1171 632 sumscgo
1192 542 1244 613 ise

174 637 332 731 cst-risisti.
384 641 490 735 Quos
521 640 663 713 mittere
687 642 827 736 legatos
854 641 896 711 ad
927 637 1103 734 Joannent
1127 637 1241 735 Judai

170 737 379 830 debebant,¹
404 737 437 810 u
464 740 580 831 unde,
608 738 669 812 nisi
695 760 783 832 eos,
810 740 870 831 qui
894 740 1100 830 precellere
1121 738 1239 814 existi·
1324 827 1326 832 ¹

169 838 385 930 mabuntur,
411 834 488 910 dta'
502 836 837 931 Hierosolymorum
861 840 949 912 loco
969 835 1238 934 superiomnstn

169 951 303 1010 terram
319 940 456 1011 bonnm·
471 939 672 1032 cesebrato,
688 939 748 1014 ubi
766 940 939 1032 templum
958 954 1036 1012 erat
1051 936 1149 1014 Dei?
1172 940 1237 1036 Jo·
1263 961 1265 965 ·

168 1051 300 1111 aunem
324 1037 446 1128 itaque
476 1051 581 1111 tauto
605 1058 687 1112 curn
712 1040 857 1115 honore
883 1039 1120 1136 interrogant.
1173 1038 1235 1118 De

167 1135 311 1210 Christo
335 1158 428 1210 vero
453 1138 538 1212 nihil
562 1140 635 1214 t'aie
659 1138 804 1233 Judaeos
832 1136 952 1218 secisse
976 1137 1143 1232 scriptum
1169 1137 1231 1217 est.

167 1233 241 1310 Sed
263 1237 360 1328 quod
380 1237 491 1330 Judaei
510 1259 594 1333 erga
610 1237 786 1332 Joannem
808 1239 965 1325 iaciunt,
983 1238 1104 1313 'isthuc
1125 1239 1238 1336 Joan·

166 1357 232 1408 nes
256 1356 339 1433 erga
355 1334 531 1414 Christum
553 1337 661 1426 fecit,
687 1360 753 1439 per
770 1339 851 1416 suos
867 1335 1058 1432 discipulos
1078 1342 1235 1413 interro·

166 1456 273 1533 gans:
303 1432 354 1510 ‘sit
377 1460 425 1524 cs,
453 1442 774 1533 quietantiarum,
801 1441 971 1517 annisum
998 1432 1234 1538 ,exspissamttss
1329 1463 1333 1476 “

169 1535 218 1607 Et
233 1537 395 1632 Joaunes
412 1538 554 1635 quidem
575 1539 619 1615 ad
634 1559 722 1646 eos,
749 1541 807 1631 qui
826 1552 1023 1632 uenerant,
1050 1537 1231 1616 consessus

164 1658 248 1711 cum
265 1637 402 1726 fuisset,
431 1638 556 1710 &nou
575 1637 751 1733 negasset,
777 1638 924 1715 subinde
941 1640 1048 1714 illudi
1081 1638 1147 1734 Ego·
1165 1663 1246 1711 aas

161 1740 334 1809 cinnamis
352 1736 531 1822 ira-deserto,
552 1739 738 1816 enunciata
757 1736 921 1819 -Chtistus
937 1760 1045 1831 vero,
1060 1755 1230 1833 tauquam

164 1839 226 1928 qui
253 1839 364 1929 majus
389 1837 630 1919 testimouium
656 1858 760 1928 quatu
781 1838 940 1932 Joennes
966 1839 1140 1927 haberet,
1173 1860 1230 1916 rc·

164 1938 392 2032 sponsionem
409 1937 495 2013 facit
511 1935 747 2028 sermonibus,
766 1938 798 2016 dt
816 1940 987 2037 operibus
1004 1938 1146 2017 dicens:
1169 1942 1229 2027 stc,
1323 1995 1326 2006 .

164 2037 205 2115 (n
222 2045 407 2112 renunciate
431 2038 576 2133 Joanni,
596 2045 670 2135 ‘quae
688 2037 860 2114 auditis&
872 2040 1011 2113 videtist
1038 2044 1106 2108 caeci
1120 2037 1228 2125 visum

164 2143 348 2234 recipiunt,
374 2139 477 2211 claudi
489 2138 682 2229 amnium,
708 2138 814 2236 leptofi
827 2140 1047 2217 mundamur,
1067 2139 1228 2228 serdica·
1328 2221 1331 2230 ,

162 2243 277 2321 diunt,
301 2259 448 2337 pauperes
473 2233 580 2311 satum
602 2244 767 2335 accipiunt
789 2241 959 2334 Evangelii
977 2245 1157 2326 nuncient
1181 2238 1229 2313 de

164 2341 293 2434 quibua
307 2339 553 2431 commodius,
581 2339 667 2413 Deo
684 2342 812 2433 dante,
836 2342 874 2421 in
890 2339 957 2421 suis
972 2335 1227 2432 disputabimus

162 2442 270 2515 iocis.
323 2438 482 2513 Fortasse
503 2453 718 2515 autemnon
743 2441 815 2515 stne
837 2441 938 2520 causa
964 2440 1042 2532 quis
1062 2439 1228 2523 instaret,
1259 2491 1262 2499 ,

162 2560 230 2625 pur
252 2539 394 2612 taudem
416 2538 671 2612 Sacerdotibus
699 2542 736 2619 dt
760 2540 903 2618 Levitis
922 2541 1228 2639 interrogantibus
1299 2594 1303 2599 -
1333 2548 1336 2558 '

163 2641 367 2736 Joaunem,
394 2659 491 2739 nou,
518 2636 542 2711 fi
566 2637 640 2732 ipse
658 2636 745 2711 esset
765 2637 946 2733 Christus,
972 2637 1058 2730 sed,
1086 2633 1227 2736 ‘i‘u‘quis
1315 2624 1319 2648 ¹

164 2734 230 2836 essi
253 2737 447 2827 respondet
467 2737 621 2830 Baptista
644 2760 720 2818 non
739 2741 796 2832 id,
824 2739 922 2830 quod
944 2759 1006 2833 par
1027 2754 1104 2810 erat
1121 2739 1164 2817 ad
1189 2740 1227 2811 ii·

163 2839 248 2931 iud,
279 2834 330 2911 Tu
345 2844 416 2934 quis
429 2834 482 2910 es?
511 2841 575 2932 Ego
586 2863 652 2909 uox
667 2842 838 2911 clamantis
853 2846 889 2913 in
905 2841 1036 2924 deserto,
1055 2837 1113 2911 sed
1129 2837 1229 2930 quod

163 2953 249 3031 apte
265 2935 395 3013 ditium
410 2936 548 3030 suisset,
565 2938 589 3011 ss
603 2938 897 3038 interrogassent,
914 2937 976 3019 Tu
992 2959 1029 3011 es
1044 2935 1227 3013 chrisost

163 3038 419 3114 Conveniebat
433 3039 583 3133 enimad
598 3041 701 3114 iilud:
719 3039 767 3113 Es
787 3055 827 3119 tu
844 3039 904 3113 ilie
917 3037 1179 3119 Christusintu
1214 3060 1225 3111 a
1306 3086 1311 3097 .

165 3138 233 3237 Ego
255 3163 321 3210 nott
336 3140 406 3228 sum
426 3137 589 3235 Chriflu's:
617 3141 660 3220 ad
680 3140 895 3216 illudverot
930 3134 1134 3238 Tuquiscss
1161 3038 1227 3234 ὧν
1260 3137 1264 3149 ’

163 3264 230 3315 uox
244 3240 414 3311 clamantis
431 3245 468 3310 in
483 3241 606 3329 deserto.
636 3240 839 3315 Dicendum
852 3258 944 3313 vero
956 3239 999 3313 ad
1012 3239 1107 3328 hoc,
1126 3236 1226 3331 quod

164 3361 209 3414 ex
222 3340 510 3434 interrogatione
520 3341 669 3413 videbat
681 3339 838 3430 Joennes
854 3343 870 3426 s
878 3354 920 3413 ut
928 3340 1117 3432 probabile
1129 3340 1229 3425 erat)

163 3441 391 3513 timiditatem
413 3440 642 3529 Levitarum,
669 3439 702 3510 u
720 3430 954 3519 sacerdotum
972 3458 1046 3532 paae
1060 3436 1096 3510 se
1109 3437 1228 3510 seren·
1322 3514 1324 3519 p

164 3542 256 3619 tium
281 3540 423 3631 quidem
449 3538 682 3634 suspicionem
708 3540 913 3632 opinionis,
940 3560 1025 3610 num
1053 3536 1227 3630 setteis,

165 3642 226 3733 qui
241 3642 422 3734 baptizat,
450 3638 537 3713 effet
559 3637 737 3726 Christus,
763 3639 822 3719 sed
839 3640 995 3732 apertius
1011 3637 1098 3710 iilud
1113 3635 1227 3713 nonti-

166 3761 274 3827 nare,
300 3761 349 3814 ne
372 3740 580 3814 uiderentur
601 3741 825 3834 petulantes,
852 3736 1070 3819 caventium,
1120 3733 1231 3813 Unde

170 3839 270 3938 jure,
296 3853 338 3913 ut
360 3839 397 3911 in
418 3840 539 3932 primis
558 3860 703 3915 omnem
726 3836 880 3930 ipsorum
905 3835 1139 3930 suspicionem
1161 3838 1233 3907 toi-

169 3942 417 4033 ieret,-quam
446 3938 490 4011 de
518 3939 631 4035 seipso
657 3935 776 4012 salsam
797 3938 998 4024 habebant,
1029 3935 1159 4010 deiude
1186 3932 1234 4006 stc

166 4040 378 4130 ostenderet
404 4040 626 4137 veritatem,
664 4053 751 4223 agte
781 4039 908 4158 omnia
933 4039 1113 4122 cennens
1128 4033 1257 4209 stix&
1298 4100 1300 4104 ,

738 4162 765 4250 4
927 4238 932 4253 x
1146 4205 1156 4213 .
