2817 4575
858 227 865 244 .
988 189 1015 252 ,s

303 377 368 472 r'n
404 389 697 491 Joaunrn
736 362 948 470 toruus
984 393 1030 472 x.
1118 341 1211 492 aar

124 519 311 638 hominem
330 503 472 650 quidem
491 569 641 651 propter
656 554 769 637 illud,
795 556 893 647 quod
914 558 1043 634 mottia
1061 554 1113 633 est
1134 577 1193 636 et·
1215 547 1217 551 ¹
1291 650 1293 658 J

122 681 221 754 paru
249 673 416 732 ceterum
441 677 518 732 non
544 657 750 750 hominem,
775 659 927 749 propter
951 659 1067 741 illud,‘
1090 658 1193 751 quod

85 803 89 812 ·
123 757 277 836 homine
294 756 346 834 est
363 756 530 830 divinius.
564 751 596 842 Ε
621 768 780 830 oautem
796 759 952 831 arbitror
969 759 1075 834 etiam
1093 757 1193 834 Mar·

125 856 518 949 cionem-respuentem
535 777 730 930 torinnam
752 854 890 949 sanam,
918 856 1193 956 &rejicientem

120 960 235 1056 „ipsius
259 979 305 1032 ex
332 956 448 1031 Maria
474 969 615 1043 ortum,
642 953 844 1031 enuncialle
867 978 948 1033 eum
974 957 1072 1050 iuxta
1100 959 1194 1032 diui·

122 1080 210 1135 nam
235 1073 396 1133 naturam
413 1060 572 1153 genitum
595 1077 641 1131 ex
662 1057 776 1130 Maria
799 1078 874 1132 non
890 1055 1012 1155 lutire,
1039 1059 1073 1131 tr
1097 1059 1193 1147 hane

123 1160 180 1234 ob
204 1158 342 1234 caulam
363 1158 482 1233 aulum
503 1154 604 1232 fuill'e
619 1156 740 1230 delere
756 1157 824 1232 hos
843 1159 949 1234 iocor
966 1180 1012 1232 ex
1029 1156 1194 1254 Evange-
1324 1177 1329 1214 l

123 1261 201 1336 lio:
229 1260 286 1333 cui
308 1259 416 1334 limile
441 1258 607 1352 quiddam
628 1253 710 1350 patu
731 1254 827 1332 suisie
852 1259 892 1333 hi
914 1259 1102 1349 videntur,
1130 1257 1209 1360 qui·

124 1359 223 1436 iliius
252 1359 506 1434 humanitatem
530 1358 688 1448 tollunt,
716 1354 823 1432 solam
846 1359 940 1433 iilius
967 1359 1194 1434 divinitatem

124 1459 381 1552 admittentes,
398 1472 506 1549 atque
524 1459 577 1531 his
599 1459 785 1550 contrarii,
801 1462 859 1550 qui
876 1460 1100 1534 divinitatem
1116 1459 1193 1549 ejus

123 1560 349 1650 obliterant,
376 1558 557 1633 hominem
578 1579 659 1632 eum
677 1556 863 1633 hominum
883 1562 1042 1635 omnium
1060 1556 1194 1651 iustiffi'·

85 1677 91 1718 2
124 1681 226 1736 anum
244 1658 279 1733 u
294 1656 531 1734 santiilirmum
545 1657 639 1733 falli..
665 1659 763 1755 Quin
779 1662 838 1750 qui
857 1659 1097 1737 introducunt
1113 1660 1195 1755 opi·

85 1791 88 1814 ÷
125 1761 296 1846 pionem,
323 1761 500 1852 quianon
524 1759 769 1832 intellexerint
791 1780 894 1854 eum,
914 1762 980 1855 uui
997 1761 1129 1855 seipsum
1153 1758 1195 1832 ad
1312 1753 1316 1764 ’

85 1879 88 1896 ’
125 1877 374 1958 ¹errorum-usque
393 1861 584 1932 humiliavit
603 1861 744 1932 abediens
758 1859 870 1952 fufius
892 1886 989 1960 usqua
1005 1864 1045 1933 ad
1064 1884 1194 1951 crucem,
1227 1851 1230 1866 ’

111 1960 164 2038 ’ἃ
180 1958 290 2038 solam
313 1962 389 2053 ejus
408 1973 655 2053 campartem,
684 1980 762 2051 quae
780 1962 1113 2053 perturbationibus
1130 1982 1195 2036 va·
1236 2047 1244 2062 f
1308 2000 1327 2030 v.

85 2083 89 2124 =
129 2075 209 2151 cat,
237 2081 385 2152 quaque
401 2059 561 2154 superior
581 2058 632 2133 est
651 2059 783 2151 quovit
798 2061 859 2134 tali
881 2059 961 2136 casu
976 2063 1197 2157 imaginave·
1231 2070 1233 2074 ’
1268 2109 1271 2120 ·

85 2183 89 2253 ᾗ
126 2177 237 2251 runt,
263 2181 332 2252 pro
359 2162 454 2234 virili
475 2162 534 2234 sua
553 2181 602 2236 eo
628 2161 796 2252 homine,
824 2164 883 2254 qui
907 2162 1096 2237 hominum
1119 2181 1197 2246 om-
1266 2175 1268 2184 '

85 2287 95 2327 e
127 2264 229 2338 oium
254 2259 296 2335 stt
319 2258 535 2358 juiliffimue',
571 2261 717 2355 privare
745 2281 816 2335 noa
844 2264 1001 2357 volunt,
1032 2262 1198 2357 quinon

85 2388 91 2425 ·=
127 2360 313 2457 pollemus
332 2384 395 2457 per
413 2362 524 2454 ipsum
542 2360 692 2438 servari:
717 2377 758 2436 ut
780 2362 876 2439 enim
895 2384 953 2461 per
971 2389 1074 2435 unum
1097 2363 1199 2437 dmi·
1253 2435 1258 2455 ,

85 2486 90 2511 =
130 2489 204 2535 mm
230 2487 326 2548 mors,
354 2462 401 2537 stc
424 2464 463 2541 (5
485 2483 663 2559 perunum
687 2463 845 2535 homiuem
871 2465 958 2539 vite
975 2461 1206 2557 justificatura

130 2560 265 2654 Neque
283 2562 377 2636 enim
391 2562 581 2637 utilitatem
598 2561 873 2654 percepiliemus
890 2584 936 2637 ex
955 2561 1034 2639 filio
1052 2564 1145 2656 Dei,
1171 2564 1198 2643 fi
1307 2606 1309 2610 ·

99 2742 105 2763 ,
129 2678 279 2738 remoto
301 2665 450 2738 homine
473 2663 551 2736 talis
578 2660 686 2750 edet,
716 2663 828 2752 qualia
856 2664 993 2738 eratin
1018 2658 1197 2761 piincipio
1313 2658 1316 2667 ’

115 2766 227 2856 ¹apud
247 2763 388 2839 Patrem
405 2764 545 2854 Deum,
572 2782 691 2854 neque
707 2763 887 2837 hominem
901 2761 1121 2854 all'umfiiiet,
1137 2765 1198 2857 qui

127 2865 295 2939 omnium
311 2866 467 2959 primur,
494 2864 527 2935 dr
543 2863 712 2937 omnibus
729 2862 1002 2945 honorabilior,
1029 2883 1070 2938 ac
1085 2865 1199 2962 louge

133 2966 304 3039 omuibus
334 2966 460 3062 purior
487 2965 627 3038 valeret
651 2960 765 3056 ipsum
795 2985 953 3058 capere3
986 2963 1201 3061 postquem
1328 2983 1335 2995 ‘

131 3067 335 3161 poterimus
358 3064 606 3156 unusquisque
628 3062 788 3139 nostrum
813 3072 978 3156 tantum,
1003 3086 1044 3138 ac
1068 3068 1208 3157 talem,

134 3167 249 3259 qualis
271 3178 361 3256 erat,
386 3161 497 3265 ipsum
517 3183 662 3258 capere,
688 3163 853 3240 stlocum
868 3164 1101 3263 magnitudini
1122 3167 1200 3258 eiua

133 3265 471 3341 convenientem-in
487 3269 602 3338 anima
617 3261 738 3340 nostra
756 3267 1084 3360 properaverimus.
1110 3266 1200 3343 Hec
1267 3280 1273 3286 ·

126 3380 254 3441 ¹autem
277 3368 398 3441 omnia
417 3365 504 3440 mihi
525 3363 616 3441 dida
642 3362 723 3443 sunt
743 3365 923 3440 declarare
947 3367 1089 3439 volenti
1101 3419 1113 3457 ,
1140 3367 1222 3442 via·

136 3463 324 3558 spiritualis
353 3466 628 3563 intelligentiae,
660 3478 892 3563 apparentem
915 3466 1201 3563 Evangeliorum

137 3558 397 3643 diliouantiam.

217 3685 249 3756 5.
274 3665 314 3743 ln
332 3666 485 3744 eundem
507 3680 627 3742 autem
650 3667 774 3745 locum
791 3666 997 3760 huiusmodi
1016 3669 1123 3743 etiarn
1141 3688 1201 3742 err·

137 3767 261 3856 emplp
288 3768 460 3842 utendum
480 3766 545 3861 est,
572 3765 708 3843 scilicet
722 3765 868 3844 Paulum
884 3766 1115 3847 carnalem'se
1132 3766 1203 3842 else

138 3864 327 3944 venditum
352 3861 414 3939 sub
438 3883 592 3957 peccato
606 3866 755 3960 dicere,
782 3871 1060 3962 necquidquam
1079 3868 1206 3959 dijudt

139 3986 223 4040 care
239 3960 360 4060 poss'e3
387 3962 600 4060 spiritualem
616 3987 711 4041 vero
729 3971 850 4043 omnia
870 3972 1065 4063 dijudicare
1087 3963 1203 4062 polle,
1321 3972 1323 3987 '

128 4065 172 4151 ,dt
197 4087 218 4144 a
239 4066 383 4147 nemine
405 4064 569 4166 judicari.
619 4064 670 4148 Et
697 4070 852 4152 ottualit
879 4070 1115 4171 quidemn'e
1132 4065 1231 4137 iuer.

196 4194 200 4207 ·
248 4228 252 4237 .
1047 4178 1209 4239 uotae·-
