2817 4575
354 334 418 412 ru
453 331 745 432 Jnauuurr
785 273 1105 412 rolmara¹
1165 355 1236 432 309

173 498 388 587 admodum,
414 508 457 568 ut
472 499 515 570 ab
533 497 605 570 hoc
621 497 788 571 traditum
803 494 883 590 est,
900 500 994 572 clare
1009 497 1137 576 video:
1162 495 1236 570 sor·

173 598 258 672 tasse
274 593 345 672 dici
363 598 615 687 aliquomodo
635 618 716 670 cum
735 597 858 690 poffit,
877 613 917 669 ut
935 599 1075 670 anobis
1095 595 1146 670 est
1159 598 1234 668 ¹dic·

171 712 269 784 tum,
298 700 381 789 qui,
408 711 449 768 ut
472 698 677 789 potuimus,
707 696 934 788 exposuimus
953 697 1060 784 illudq
1087 721 1155 765 cum
1166 697 1233 790 spi·

172 806 260 884 airu,
286 797 324 872 m
339 802 470 866 uirtute
489 798 602 881 Elia,
617 796 714 868 hunc
730 794 887 887 spiritum
909 794 994 869 Eliae
1011 797 1047 868 in
1066 798 1233 890 potentia

169 897 239 971 else
263 896 419 992 spiritum
438 896 562 970 animae
583 897 743 989 Joannis.
797 894 974 968 Caeterum
999 898 1057 986 qui
1084 896 1233 970 demon·

167 997 279 1071 strare
297 997 449 1086 volunt,
476 1013 585 1084 quare
600 994 816 1070 Sacerdotes
834 995 867 1066 dr
885 995 1023 1070 Levitae
1035 994 1168 1069 suerint
1179 996 1231 1081 hi,

168 1100 227 1188 qui
245 1117 263 1168 a
280 1095 412 1189 Judaeis,
425 1093 509 1170 milli
524 1094 685 1184 fuerunt,
704 1108 745 1166 ut
758 1096 1026 1189 interrogarent
1038 1096 1231 1188 Joannem,

165 1217 243 1270 non
269 1199 362 1268 male
386 1195 575 1281 dicerent,
596 1194 737 1270 idcirco
769 1215 813 1266 ex
829 1193 913 1266 hoc
940 1195 1069 1266 ordine
1088 1193 1230 1286 missua,

165 1298 248 1388 quia
267 1296 492 1368 conveniens
512 1293 599 1367 esset
617 1294 685 1366 hos
704 1294 741 1366 in
762 1293 833 1366 Dei
848 1296 948 1366 cultu
964 1292 1096 1388 jugiter
1114 1291 1251 1386 persa·¹

165 1408 349 1485 verantes,-
368 1394 523 1466 dehisce
538 1395 645 1466 rebua
661 1398 886 1490 interrogare
901 1414 943 1466 ac
960 1394 1134 1466 sollicitos
1149 1391 1229 1468 esse.

163 1496 246 1570 Nec
263 1495 350 1567 illud
369 1493 472 1566 valde
489 1493 661 1583 exquisite
682 1495 856 1585 protulit,
875 1493 1052 1587 Joannem
1073 1513 1117 1570 ex
1131 1493 1228 1572 tribu

164 1596 328 1668 Levitica
353 1591 444 1685 else,
469 1592 767 1683 quemadmodum
794 1606 899 1670 antea
927 1593 1131 1666 dubitantes
1159 1611 1228 1670 not

164 1695 425 1788 indagavimua:
453 1693 533 1781 quia
558 1691 582 1764 sr
609 1685 833 1787 agnovissent
857 1691 1058 1784 Joannem,
1092 1708 1227 1764 ortum·

165 1815 235 1884 que
253 1795 349 1885 ejus,¹
365 1792 439 1878 illi,
458 1794 515 1881 qui
534 1789 618 1868 milli
637 1790 800 1880 fuerant,
827 1793 1015 1883 quomodo
1030 1789 1229 1866 habuissent

163 1894 286 1966 locum
305 1892 572 1985 interrogandi,
599 1911 644 1962 an
663 1889 737 1984 ipse
754 1889 840 1963 esset
856 1889 979 1963 Elias?
1022 1889 1172 1965 Rursum
1190 1892 1228 1966 in

162 1994 230 2065 illis
251 1993 390 2064 verbis:
418 1995 511 2062 Num
533 1992 689 2086 Propheta
709 1983 880 2066 ilices-ru?
905 1991 992 2062 nihil
1010 1991 1226 2082 praecipuum

165 2091 363 2165 existimans
378 2088 564 2185 fignificari
584 2112 627 2162 err
645 2091 785 2162 articuli
805 2086 1027 2181 adjeilione,
1055 2090 1142 2162 dicit
1161 2109 1227 2188 eoa¹

162 2189 416 2286 interrogasse,
443 2211 526 2264 num
548 2189 730 2281 Propheta
756 2187 867 2282 asset,
893 2209 968 2264 rem
987 2190 1107 2264 multia
1129 2209 1228 2276 com·

163 2313 306 2366 munem
324 2290 503 2363 addiscere
519 2293 701 2367 volentes.
741 2286 917 2367 Proterea
934 2310 1025 2365 vero
1041 2309 1116 2363 non
1133 2290 1227 2371 solua

163 2392 391 2479 Heracleon,
418 2390 498 2483 sed,
526 2405 699 2481 quantum
719 2411 787 2486 ego
809 2390 933 2463 videre
954 2391 1083 2483 potui,
1101 2396 1229 2481 ornnea'

164 2493 296 2580 etiam,
323 2491 382 2581 qui
404 2512 423 2561 a
442 2490 549 2569 nobis
568 2491 707 2565 diversa
725 2490 894 2578 sentiunt,
921 2505 1053 2583 utpote
1069 2493 1127 2580 qui
1149 2509 1229 2581 per·

163 2593 325 2684 exiguam
340 2611 382 2666 ac
398 2604 544 2663 tenuem
557 2591 817 2666 dubitationem
835 2589 1045 2682 distinguere
1058 2609 1132 2664 non
1146 2588 1226 2682 pos·

164 2689 270 2778 sunt,
297 2690 472 2782 Joannem
498 2685 657 2781 suspicati
685 2687 764 2758 strnt
788 2685 886 2779 Elia,
912 2704 1018 2778 atque
1038 2688 1227 2781 Prophetis

165 2791 332 2862 omnibus
356 2789 527 2878 majoram
543 2787 631 2860 eise:
657 2804 851 2880 propterea
869 2788 967 2879 quod
990 2809 1099 2862 nemo
1117 2790 1228 2869 surre-

163 2891 258 2961 uerit
278 2890 371 2959 inter
399 2903 505 2959 natos
532 2889 719 2965 mulierum
752 2889 865 2976 major
886 2886 1051 2980 Joanne,
1076 2908 1150 2959 non
1174 2890 1229 2959 vl-

166 2989 290 3059 dentaa
311 2987 439 3058 duobis
461 2989 576 3060 modia
597 3008 721 3059 verum
745 2985 837 3080 elle,
866 2987 962 3078 quod
989 2988 1148 3079 dicitur,
1167 3008 1228 3065 ner

164 3091 292 3160 minem
317 3087 456 3179 Joanne
478 3090 647 3177 majorem
676 3083 745 3158 elle
770 3088 864 3158 inter
887 3102 994 3161 natos
1020 3089 1228 3161 mulierum:

163 3209 239 3259 non
257 3185 369 3258 solum
388 3188 468 3276 quia
485 3185 555 3276 ipse
574 3186 615 3259 srt
631 3188 744 3275 major
762 3185 951 3279 omnibus,
980 3206 1103 3260 verum
1121 3189 1230 3260 etiam

166 3288 247 3376 quia
265 3287 329 3360 srnt
348 3287 453 3374 aliqui
470 3285 529 3376 ipsr
549 3286 712 3375 equales.
752 3286 844 3360 Nam
862 3292 989 3357 ¹verum
1008 3285 1080 3376 est,
1107 3287 1228 3361 multia

163 3386 354 3478 Prophetis
384 3384 445 3476 ipsi
470 3385 661 3474 aequalibus
687 3383 941 3471 exilientibus,
970 3392 1149 3458 neminem
1181 3392 1247 3459 co‘

161 3488 333 3575 majorem
354 3482 422 3562 esse
444 3499 593 3574 propter
613 3487 758 3578 gratiam
779 3484 991 3576 ipsrdatam.
1043 3481 1230 3559 Existimat

166 3602 285 3658 autem
313 3581 515 3656 confirmari
542 3582 717 3674 Joannem
737 3582 805 3655 esse
823 3585 1016 3673 majorem,
1045 3587 1125 3674 quia
1146 3605 1231 3678 pro.

167 3686 333 3777 phetatus
353 3682 460 3753 fuerit
481 3684 523 3753 ab
541 3679 662 3774 Esaia,
690 3683 839 3775 perinde
858 3683 949 3772 quast
968 3704 1077 3756 nemo
1099 3706 1145 3756 cx
1167 3706 1231 3757 eo·

166 3806 243 3857 rum
263 3801 437 3871 numam,
468 3783 526 3869 qui
551 3783 742 3872 aliquando
765 3784 1048 3874 prophetarunt,
1076 3784 1148 3856 hoc
1165 3785 1243 3857 ho·¹

166 3903 258 3963 nore
285 3881 445 3974 dignatus
471 3881 598 3953 suerit:
633 3903 722 3953 uere
750 3883 862 3953 veluti
886 3880 1083 3974 despiciens
1110 3880 1233 3961 Testa-

167 3994 328 4073 mentum
350 3994 478 4074 vetus,
506 3983 605 4073 quod
632 3996 788 4055 vocant:
815 4001 885 4077 nec
902 3980 1259 4072 observancipsum·

656 4078 695 4165 U.
726 4102 748 4175 3
1072 4077 1213 4153 baliam
