2817 4575
331 366 394 442 tn
418 365 724 466 *Jonrtrttnt
747 309 980 444 Totius·
1003 367 1033 447 1.
1166 385 1215 474 ,ς

137 532 256 604 tione
272 527 383 603 fidem·
395 531 457 621 iis,
484 551 562 621 que
578 531 623 604 de
639 529 722 626 Jcsu
738 531 865 603 tradita
885 529 988 621 sunt,
1015 535 1210 626 nequirem.

144 632 337 726 ‚Quantum
356 649 451 702 vero
475 634 604 702 attinet
630 633 672 702 ad
697 633 789 720 hoc,
817 632 914 720 quod
939 629 1096 707 secundo
1121 637 1210 712 loco

146 729 379 828 trqdidimus,
395 728 419 800 st
437 729 613 820 objecerit
627 731 752 824 aliquis
765 733 861 822 quod
877 732 992 810 minus
1008 725 1123 826 probe
1139 753 1209 836 nq-

144 807 400 903 minave'rirnus
429 841 548 902 totum
576 823 844 903 Testamentum
872 829 1011 902 novittn
1042 829 1207 930 Evsoga·

138 921 255 1018 urim,
281 946 327 1000 co
349 929 447 1018 quod
469 925 654 1024 Evangelii
672 928 938 1021 inscriptionem
956 949 1032 1004 oon
1047 931 1204 1010 babeant

85 1039 87 1048 '
139 1023 338 1118 §pistoiaet
365 1030 447 1101 huit
467 1029 625 1101 dicemus
637 1023 732 1121 sepe·
742 1031 778 1100 in
791 1026 1008 1119 scripturis,
1027 1049 1107 1106 cum
1126 1032 1205 1110 dua

140 1129 207 1200 uei
223 1129 324 1220 plura
339 1130 470 1204 eodem
486 1129 670 1206 vocabulo
685 1142 957 1219 nuncupantur,
982 1132 1093 1225 rqagis
1116 1129 1203 1222 prin·
1272 1209 1275 1217 Α

139 1217 223 1334 pr'ie
240 1229 301 1301 uni
318 1246 444 1318 eorum
465 1228 550 1300 iliud
566 1228 689 1300 tribui:
703 1230 805 1300 verbi
823 1227 949 1324 gratia,
961 1228 1104 1310 dicente
1120 1230 1203 1306 Ser·

143 1341 294 1400 vatore:
320 1329 377 1398 Ne
391 1338 505 1396 vocato
525 1323 699 1421 magistram
707 1327 802 1424 super
816 1347 955 1416 terrain,
970 1326 1087 1419 inquit
1097 1319 1199 1422 Apo:

139 1421 255 1500 stolus
279 1424 466 1520 magistros
491 1427 529 1498 in
552 1423 709 1500 Ecclesia
733 1427 920 1501 ordinatos
946 1415 1058 1500 fuiss'e.
1106 1421 1201 1510 Nob'

139 1537 251 1596 erunt
266 1543 353 1619 ergo
370 1525 405 1597 hi
425 1537 480 1598 mr
507 1525 576 1598 istri
593 1523 792 1601 secundum
814 1523 971 1602 excom
997 1526 1201 1623 intelligens

139 1624 225 1696 tiam
244 1624 349 1696 vocis
366 1624 470 1716 huius
483 1545 692 1720 {vangeliiz
718 1626 764 1699 stc
778 1627 883 1701 etiam
903 1645 981 1700 non
996 1629 1063 1707 erit
1078 1623 1200 1704 Evam·

137 1724 294 1818 geiiurn,
319 1725 575 1815 qualiscunque
602 1725 746 1802 tandem
771 1726 831 1800 illa
856 1725 972 1808 suari-t,
989 1722 1198 1822 Scriptura,

139 1842 219 1911 quae
240 1820 303 1894 sub
321 1822 475 1902 nomine
497 1821 734 1917 Epistolarum
763 1823 902 1919 fuerit,
933 1823 958 1900 fi
985 1824 1197 1924 'conieratttr

140 1940 223 1993 cum
239 1921 443 2014 Scriptura,
465 1921 737 2018 que-artiones,
755 1921 926 2015 pasfiones
944 1920 1197 2016 sermonesque

135 2015 219 2114 Jesu
239 2021 434 2094 contineat.
485 2021 659 2096 Attamen
681 2023 794 2098 totius
819 2019 1011 2116 Scripturas
1034 2019 1196 2112 primitie

135 2117 187 2190 est
205 2117 453 2215 &angelium
470 2121 721 2211 actionumque
737 2123 912 2211 omnium,
932 2137 1010 2212 que
1027 2121 1196 2202 exanimi

134 2217 312 2313 sententia
327 2223 433 2294 nobis
450 2219 592 2297 cessurae
607 2220 705 2316 sunt,
728 2221 887 2319 primitas
905 2219 1053 2299 tacimus
1070 2221 1107 2295 in
1124 2219 1196 2317 pri·

134 2320 244 2393 mitiis
262 2316 460 2414 Evangelii.
909 2378 911 2385 .

134 2466 139 2477 -
208 2421 243 2492 6.
271 2420 443 2491 Arbitror
458 2436 550 2491 vero
566 2438 650 2515 ego,
668 2421 774 2494 etiam
789 2418 813 2493 ii
827 2432 983 2512 quatuor
998 2415 1195 2511 fiotEvarn
1307 2462 1312 2481 ·

136 2517 250 2612 geba,
277 2518 391 2591 veluti
409 2521 586 2593 elementa
601 2515 683 2592 fidei
702 2516 887 2610 Eccleirae,
914 2540 958 2591 ex
976 2518 1103 2609 quibus
1120 2518 1194 2590 eie·

133 2619 266 2689 mentis
289 2628 391 2690 totus
415 2615 554 2690 constat
579 2619 637 2691 hie
659 2622 811 2693 mundus
831 2618 914 2697 Deo
932 2638 997 2712 per
1015 2614 1193 2695 Christum

133 2717 413 2806 reconciliatus,
437 2715 525 2790 sicut
539 2719 820 2810 inquit-Paulus,
848 2722 936 2792 Deus
955 2731 1025 2788 erar
1041 2720 1078 2786 in
1098 2717 1194 2787 Cirri-

127 2814 185 2911 βο,
204 2818 356 2911 muntium
364 2816 424 2911 fiii
440 2818 662 2911 reconciliem
687 2818 788 2908 cujus
803 2817 927 2890 mundi
938 2829 1128 2908 peccatum
1141 2812 1191 2887 su·

132 2912 232 2988 stuiit
249 2912 596 3007 Jesusi=de·1nundo
618 2918 711 2991 enirn
734 2914 899 2990 Ecclefiae
920 2914 1033 2989 sermo
1055 2915 1116 2987 ilie
1141 2912 1193 2989 est

133 3013 306 3105 scriptus:
341 3015 419 3087 Ecce
437 3018 548 3109 Agnus
573 3020 654 3099 Dei,
680 3021 736 3111 qui
760 3014 868 3103 aufert
892 3031 1046 3108 percarum
1068 3014 1191 3101 mundi,

133 3108 416 3207 Evangeliorurn
436 3116 606 3209 primitias
625 3115 857 3209 Evangelium
874 3112 943 3187 effe
959 3114 1107 3208 Joannis
1124 3132 1191 3185 no·
1213 3180 1218 3187 Α

134 3213 189 3283 bis
215 3213 463 3305 proponunto,
491 3216 590 3305 cujus
608 3206 743 3288 sensum
765 3233 836 3306 pro
856 3213 949 3286 virili
971 3210 1090 3286 nostra
1113 3208 1190 3305 jnffi

135 3307 250 3383 sumus
264 3311 326 3384 abs
342 3328 380 3387 te
395 3312 621 3408 investigare.
660 3314 775 3402 quue
792 3314 947 3385 arbitror
964 3310 1190 3385 considerans

132 3414 378 3507 genealogiam
394 3426 596 3501 texentem,
616 3412 649 3484 &
665 3413 896 3504 incipientem
911 3412 955 3483 ab
970 3430 1039 3500 eo,
1058 3410 1118 3500 qui
1133 3428 1191 3502 ge·

132 3512 298 3605 neriogia
315 3526 422 3585 caret
438 3576 447 3591 ‚.
475 3510 569 3587 Nam
588 3512 782 3584 Mattheus
804 3510 945 3600 quidem
964 3529 1044 3583 curn
1064 3507 1191 3581 scribe·

132 3626 188 3681 ret
201 3608 384 3698 Hebraeis‚
412 3613 470 3701 qui
486 3626 678 3686 venturum
692 3632 737 3684 ex
756 3606 983 3700 Abrahamo',
1000 3609 1031 3681 δι
1050 3607 1191 3680 Davide

134 3706 402 3800 exspectabant:
438 3711 550 3799 Liber,
575 3711 713 3801 inquit,
735 3714 950 3802 generationis
972 3707 1051 3803 Jesu
1069 3704 1191 3798 cbriiii

129 3809 197 3897 fibi·
215 3809 349 3892 Dauid,
367 3810 436 3899 filii
449 3811 622 3885 Abrabam.
674 3807 820 3880 Marcus
839 3828 933 3880 vero
949 3806 1073 3889 sciens,
1092 3804 1190 3896 quod

134 3906 276 3997 scribit,
301 3908 441 3981 initiunt
463 3923 602 3984 enarrat
619 3905 828 4005 Evangelii,-
851 3904 1001 3983 forratis
1023 3907 1120 3998 quod
1139 3906 1193 3977 in·

85 4011 87 4031 ²
135 4008 321 4081 veniamus
339 4002 449 4085 finem
468 4009 572 4105 ipiius
590 4007 685 4104 apud
703 4007 903 4105 joannem,
927 4006 991 4103 qui
1005 4006 1047 4081 'tn
1063 4006 1209 4112 ptintb.
1300 4061 1304 4067 .

623 4109 654 4186 Β
679 4132 707 4205 4
1103 4107 1176 4201 pits
