2817 4575
349 357 416 438 tu
453 355 745 488 ponuntur
781 353 994 438 tomus
1031 359 1077 458 u,
1168 382 1242 472 ⁴0⁷.

173 522 331 617 ,cuipiam
351 522 511 598 seeundo
530 526 662 614 (quem
682 520 756 618 ipse
776 519 898 620 uelit)
916 520 1079 604 existenti
1095 521 1132 596 in
1150 521 1256 608 loco*

174 622 284 698 vaide
309 637 455 700 rernoto
478 645 498 698 a
522 625 610 702 loco
634 624 785 719 prioris,
811 621 843 694 dr
873 621 962 696 aiios
994 623 1123 700 eodem
1148 632 1240 706 tem,-

172 742 267 814 pore
291 718 512 810 sermoner'a
535 723 619 796 Deo
639 721 746 808 huie,
773 742 878 812 quern
898 719 1095 802 secundum¹
1115 719 1236 818 posui·

172 842 265 910 mus,
284 820 427 896 habitor
443 821 544 898 fuisse
559 825 664 900 dieat.
691 821 858 898 Similiter
870 820 915 895 de
926 825 1037 898 tertio
1055 821 1088 894 dr
1104 834 1235 912 quarto

172 920 442 1000 existimandum
465 922 526 997 est.
578 919 817 1010 Consentiam
834 938 952 1002 autern
969 921 1027 1009 hi,
1052 938 1093 1008 ut
1110 919 1236 1018 prediss

168 1023 310 1104 ximus,
335 1023 431 1098 inter
451 1021 486 1100 se
512 1044 597 1096 vera
616 1023 667 1096 de
686 1022 769 1098 Deo
789 1022 1021 1116 nunciantes,
1048 1021 1166 1114 deque.
1181 1019 1238 1114 ip·'¹

167 1119 238 1193 stur
257 1127 342 1219 erga
357 1122 496 1212 aliquot
512 1120 718 1214 beneficiis,
742 1123 776 1196 in
791 1121 998 1213 quibusdam
1022 1119 1249 1218 narrationi·¹

168 1221 255 1305 bus,
282 1222 683 1315 quaeipsrrenuncient.
717 1220 761 1298 Ei
778 1222 883 1318 igitur
898 1222 957 1318 qui
973 1219 1149 1300 existimat
1164 1219 1233 1300 hoe
1285 1242 1289 1258 ·

167 1340 248 1394 rum
263 1319 495 1416 scriptionem
511 1321 580 1398 eise
596 1321 800 1417 historiam,
826 1321 886 1398 vel
900 1342 963 1416 per
979 1321 1166 1419 imaginem
1180 1319 1233 1394 hi·

168 1419 286 1516 storiae
310 1423 355 1495 ed
378 1441 436 1496 rec
459 1423 627 1513 quasdam
648 1421 752 1498 ueras
777 1415 1068 1508 accommodari,
1102 1422 1235 1512 quique
1277 1493 1281 1510 y
1306 1483 1308 1488 .

166 1520 359 1596 arbitratur
376 1521 495 1598 Deum
511 1520 583 1600 esse
602 1525 641 1596 in
661 1523 749 1598 loco
774 1521 967 1598 secundum
988 1518 1233 1616 circumserip7
1284 1594 1288 1600 ,

164 1621 325 1713 tionem,
353 1621 484 1696 eodem
502 1638 668 1718 ternpore
690 1637 934 1714 nequeuntem
949 1624 1070 1714 piures
1090 1619 1135 1694 de
1152 1616 1231 1714 ipso
1250 1667 1253 1674 ·

163 1718 380 1816 ingenerare
397 1719 555 1800 visiones
574 1723 759 1817 pluribus,
786 1724 821 1795 in
837 1723 1000 1817 pluribus
1021 1723 1133 1814 locis,
1160 1739 1230 1820 nec

163 1820 266 1920 plura
290 1824 396 1896 eriam
420 1820 520 1902 simui
544 1823 684 1913 dicere,
713 1815 893 1900 videbitur
914 1819 1125 1913 imposibile
1144 1817 1229 1910 esse,

166 1935 209 1993 ut
230 1921 267 1994 hi
286 1936 464 2013 quatuor,
490 1943 583 2016 quos
607 1920 874 2023 supposuimus,
901 1939 989 1996 vera
1013 1932 1159 1998 narrent
1184 1927 1232 2014 ex

164 2040 234 2110 eo,
261 2020 360 2112 quod
380 2019 485 2097 saciie
501 2021 596 2102 facio
615 2043 693 2104 nou
710 2021 752 2102 fit
767 2022 886 2100 Deum
909 2017 979 2097 esse
996 2019 1031 2093 in
1048 2021 1121 2097 hoc
1139 2038 1230 2114 quo-

162 2120 244 2198 dam
271 2136 375 2196 certo
399 2135 586 2216 tempore,
613 2123 695 2220 quia
719 2125 826 2196 etiam
848 2117 1093 2204 consideratus
1117 2119 1231 2210 fuerit

163 2218 236 2294 eise
249 2220 286 2294 in
302 2222 389 2301 loco
406 2221 599 2323 secundum
615 2217 1001 2315 circumscriptionem,
1029 2219 1062 2297 dt
1081 2219 1178 2302 huic,
1195 2217 1230 2295 dt

160 2322 214 2403 iili
238 2322 334 2408 hec,
359 2320 392 2400 dr
417 2324 477 2401 ilia
501 2323 645 2417 dicere,
671 2322 705 2399 dt
727 2312 853 2421 =facete
874 2322 977 2413 hate,
1004 2320 1037 2402 n
1062 2322 1115 2397 his
1143 2338 1232 2421 conf
1295 2358 1307 2398 =.

163 2422 291 2512 traria,
319 2420 385 2511 u(
393 2436 434 2497 ut
450 2424 499 2502 ita
517 2424 655 2512 dicam)
674 2420 856 2503 sedentem
877 2420 996 2510 simul,
1022 2421 1056 2494 dt
1080 2420 1231 2517 stantem

162 2519 258 2616 effe3
284 2521 452 2613 siquidem
470 2542 562 2596 unus
582 2522 678 2597 dicat
695 2525 769 2597 hoc
787 2534 954 2615 ternpore
974 2541 1056 2599 eunt
1079 2520 1230 2595 stantem

161 2620 242 2803 ΡΜ
264 2620 413 2723 diripe,
440 2622 474 2703 dt
499 2623 578 2703 haec
599 2619 718 2703 iecisse
739 2623 776 2703 in
798 2623 1003 2715 hocloco,
1030 2622 1116 2700 eiius
1135 2622 1230 2695 verti

180 2723 359 2805 edentem.
1222 2746 1224 2751 ·
1264 2766 1268 2778 ·

240 2843 276 2915 4.
311 2820 365 2895 Ut
388 2822 496 2920 igitur·
517 2820 635 2903 sensus,
654 2832 848 2925 perceptus
870 2818 1149 2917 historicorum,
1176 2815 1235 2896 'ee-
1297 2886 1300 2892 .

163 2919 302 3005 rediere
319 2922 354 3000 dt
370 2920 486 3000 forma
507 2925 545 3002 in
567 2924 642 3013 his,
670 2943 762 3015 quos
782 2919 947 3015 supposui
971 2921 1067 2993 veile
1089 2939 1159 2995 noa
1180 2918 1231 3021 die

164 3041 272 3110 cere,
300 3044 376 3117 quae
401 3044 501 3103 mens
526 3021 681 3113 ipsorum
704 3020 947 3117 perspexerit,
972 3022 1103 3099 nuliam
1129 3018 1232 3125 inve7

164 3125 304 3196 nitetur
329 3124 463 3203 habere
487 3122 760 3213 dissonantiam,
794 3122 819 3200 st
849 3137 1004 3214 quatuor
1023 3118 1158 3203 fuerint
1182 3116 1232 3198 sa·

166 3224 329 3316 pientes,
355 3222 525 3299 suetiam
544 3223 580 3303 in
597 3238 754 3315 quatuor
775 3218 1007 3319 Euangelistis
1026 3242 1100 3296 rem
1120 3218 1154 3295 se
1171 3220 1232 3291 ha·

156 3325 252 3397 ‘bete
269 3323 540 3419 intelligendum
555 3317 627 3416 est,
654 3322 890 3404 abutentibus
902 3324 1022 3415 multis
1039 3336 1114 3395 tum
1129 3316 1230 3395 dictis
1298 3357 1301 3361 «

165 3423 271 3519 Jesu,
295 3418 399 3516 juuta
415 3425 507 3510 iliiua
521 3422 759 3521 prodigiosam
780 3421 1248 3514 &admirabiiiffimampo·

164 3526 339 3607 tentium;
366 3522 544 3603 interdum
560 3526 668 3608 etiam
686 3524 930 3604 retexentibus
953 3522 995 3595 ad
1013 3522 1234 3613 scripturam

139 3646 251 3706 ·cum
270 3622 427 3705 distione
448 3626 563 3704 veluti
589 3624 634 3699 de
659 3622 897 3715 sendbiiibus,
925 3622 1023 3715 quod
1050 3620 1117 3709 iilis
1138 3636 1232 3713 puro
1311 3658 1313 3665 ·

169 3747 212 3798 ac
238 3722 317 3798 snio
346 3723 531 3811 intellectu
559 3721 818 3807 manifestatum
848 3736 934 3797 etat.
997 3720 1086 3794 Non
1113 3738 1236 3818 repre·

168 3825 293 3904 hendo
315 3838 434 3903 autern
451 3823 546 3920 ipsos
567 3828 687 3917 aliquo
713 3822 818 3914 pacto
839 3818 1089 3914 transposuisse
1105 3819 1148 3896 ad
1167 3816 1237 3893 uti·

170 3927 311 4010 litatem
340 3922 496 4018 mystice
525 3923 822 4003 considerationis
854 3923 977 4003 hanun
1007 3942 1152 4008 rerum,
1179 3916 1237 4011 id,

173 4026 276 4132 quud
289 4019 492 4132 (quantum
509 4029 640 4111 attinet
649 4022 700 4209 gd
720 4020 932 4127 historiam)
950 4024 1021 4103 alio
1037 4015 1243 4185 modosxaxe·

604 4194 606 4199 .
676 4144 770 4228 ca
980 4146 983 4165 ¹
1149 4130 1185 4181 i
