2817 4575
344 346 749 448 aunon-uuum
787 347 1062 428 romunt·
1181 359 1234 452 ῃ

164 522 271 604 tura,
295 511 343 586 de
362 532 431 606 qua
451 510 653 614 Apostuius
672 511 778 586 dicit:
809 512 892 587 ‘firm
913 529 1059 586 nectura
1079 512 1232 612 nitriae,

164 611 206 694 (5
222 613 362 684 condolet
382 621 476 708 usque
494 618 531 683 in
546 613 693 708 praesens,
708 614 742 686 &
758 612 910 700 fortassis
927 615 971 688 de
989 614 1048 700 illa
1068 611 1118 687 est
1136 615 1231 698 hocs

170 717 334 790 Vanitati
346 731 491 806 creatura
502 709 641 810 subjet'sa
658 715 697 809 esi
716 738 781 783 non
798 717 908 786 volens
918 767 928 800 ,
939 714 992 805 sed
1006 730 1134 814 propter
1147 739 1231 802 eum,
1289 772 1291 776 .

162 820 221 911 'qui
231 812 367 910 subjecit
384 838 451 883 eam
467 817 502 883 in
517 814 587 909 spe,
614 825 655 884 ut
672 813 712 885 in
729 813 891 912 vanitate
906 814 973 886 sint
990 834 1166 910 corpora,
1193 813 1231 900 st

163 912 277 1005 ipsum
295 912 416 985 facere
432 914 656 1007 corporalia,
670 912 706 984 id
722 913 820 1006 quod
836 909 1068 1004 necessarium
1089 911 1140 987 est
1154 909 1232 988 exi·

162 1012 269 1088 stanti
292 1014 517 1106 incorpore.
550 1010 571 1057 *
833 1014 853 1054 ⁴*
1193 1027 1195 1032 ·
1221 1039 1224 1058 ¹

163 1114 223 1204 qui
243 1111 295 1184 est
313 1113 350 1185 in
368 1132 548 1207 corpore,
575 1133 651 1186 non
668 1113 797 1186 lubens
818 1112 925 1194 facit,
952 1133 1029 1202 quae
1048 1111 1128 1186 sunt
1148 1135 1231 1186 com

162 1211 275 1308 poris.
309 1211 414 1285 Hanc
431 1216 481 1286 ob
499 1210 635 1290 causam
653 1213 806 1310 vanitati
824 1230 987 1287 creatura
1002 1211 1156 1304 subjetta
1176 1211 1229 1288 est

162 1332 238 1387 non
263 1312 419 1407 volens,
447 1312 564 1406 &qui
592 1333 668 1386 non
699 1314 800 1404 vult,
827 1334 904 1403 quae
932 1310 1011 1386 sunt
1034 1313 1228 1422 corporis,g

164 1411 262 1502 quod
286 1409 396 1502 facit,
423 1409 496 1504 spei
518 1413 628 1507 gratia
651 1411 761 1503 facit,
787 1427 954 1505 tanquam
976 1412 999 1486 sr
1025 1411 1227 1487 diceremus

162 1511 311 1586 Paulum
331 1512 429 1583 velle
450 1507 662 1607 permanere
680 1515 716 1585 in
740 1532 870 1607 carne,
897 1509 972 1586 non
990 1501 1229 1605 sponte,·sed

150 1626 315 1706 ,propter
338 1608 447 1703 spem.
498 1610 752 1697 Praeferentem
776 1614 870 1686 enim
891 1633 956 1705 per
974 1610 1009 1686 se
1027 1612 1159 1712 resumi,
1186 1619 1229 1686 (5

164 1738 230 1783 eum
250 1712 370 1808 chrisio
388 1707 465 1805 effi,
490 1712 578 1784 nihil
602 1710 652 1784 est
675 1710 813 1784 absurdi
835 1715 931 1786 velie
956 1732 1165 1804 permanere
1187 1712 1228 1790 iu
1312 1799 1314 1806 ,

164 1832 273 1886 carne
290 1825 443 1907 propter
460 1811 608 1884 aliorum
625 1812 831 1904 utilitatem,
849 1809 1100 1907 &profestum
1118 1811 1154 1883 iri
1170 1830 1229 1896 re-

165 1915 254 1993 bus,
280 1929 358 1983 non
385 1924 524 1985 tanturn
550 1931 635 2001 quas
657 1908 730 2003 ipse
758 1910 893 2003 sperat,
920 1911 1113 1985 sedetiam
1140 1899 1229 2004 quas

163 2012 309 2103 sperent
333 2009 392 2103 hi,
419 2012 547 2102 quibus
575 2007 624 2082 est
651 2007 871 2101 adjumento.
923 2009 999 2103 Jam
1026 2008 1128 2103 juxta
1148 2007 1229 2084 hite‘

162 2107 425 2207 ignitarum,
454 2131 527 2200 quo
553 2110 702 2182 dicimus
723 2110 939 2203 principium
963 2110 1229 2204 generationis,v
1305 2158 1307 2162 -

161 2211 366 2309 intelligere
380 2211 578 2305 poterimus
592 2211 699 2286 etiam
714 2208 800 2282 illud
813 2209 1113 2286 Proverbiorum:
1138 2213 1228 2284 Deir

164 2317 290 2385 creavit
308 2322 359 2382 me'
364 2314 557 2407 principium
573 2315 703 2384 viarum
711 2310 855 2400 suarum,
881 2307 921 2382 ati
938 2330 1028 2407 opera
1037 2311 1111 2402 sun,
1129 2308 1230 2405 quod

164 2426 285 2487 tamen
303 2408 423 2504 potest
442 2410 484 2484 ad
499 2410 649 2503 primum
666 2407 907 2506 significatum,
923 2410 990 2482 uiae
1005 2409 1154 2505 referri,
1181 2402 1232 2482 eo*

167 2510 267 2603 quod
292 2510 447 2583 dicatur:
477 2514 613 2582 creauit
631 2533 677 2582 me
697 2516 787 2580 Deus
806 2502 999 2606 principium
1013 2514 1143 2581 uiarum
1152 2509 1232 2597 suae

165 2637 248 2693 rum.
301 2609 386 2683 Nec
407 2605 553 2683 absurde
575 2609 825 2683 universorum
847 2609 967 2684 Deum
987 2609 1117 2684 dixerit
1135 2609 1231 2700 quis·

163 2716 259 2813 piam
276 2710 514 2805 principium,
541 2711 655 2802 palam
671 2730 718 2782 eo
738 2709 953 2802 procidens,
979 2724 1021 2782 ut
1036 2708 1114 2782 Filii
1133 2709 1231 2800 prin²

165 2814 298 2905 cipiunt
314 2809 358 2883 stt
374 2808 499 2902 Pater,
520 2808 783 2903 &principium
804 2825 1043 2885 creaturarum
1061 2808 1233 2898 Creators
1275 2888 1280 2907 x

166 2928 275 3003 atque
291 2911 487 3004 generatim
505 2910 643 2983 entium
659 2910 875 3001 principium
891 2910 933 2983 sit
949 2909 1069 2982 Deus:
1098 2903 1231 2987 confir·¹

164 3010 279 3085 mabit
300 3010 393 3083 hoc:
421 3012 460 3081 In
474 3008 722 3107 principio'erat
750 3010 910 3103 Iletbum,
937 3010 1101 3095 Verbum
1122 3008 1229 3079 intel·

164 3113 279 3207 ligetis
301 3108 452 3202 Filium,
479 3111 540 3203 qui
557 3115 594 3184 in
617 3108 798 3203 principio
817 3108 888 3183 esse
908 3108 1056 3202 dicitur,
1083 3108 1164 3202 quia
1185 3105 1230 3179 stt

163 3212 202 3287 in
220 3208 337 3285 Patre.
412 3222 416 3229 '
730 3212 732 3217 ’
1214 3226 1216 3232 ’

244 3319 301 3388 18.
326 3307 457 3383 Tettio
474 3308 561 3380 illud
580 3330 625 3381 ex
646 3329 743 3400 quo,
768 3308 865 3382 unde
883 3320 1050 3400 tanquam
1074 3326 1118 3378 ex
1141 3322 1229 3398 prae·

166 3409 334 3485 existenti
353 3409 500 3485 materia
517 3411 679 3481 oriantur
694 3411 781 3502 alia,
799 3410 1011 3503 principium
1029 3403 1230 3477 existimant

165 3512 238 3604 ilii,
267 3511 327 3603 qui
350 3509 534 3584 materiam
562 3509 755 3604 ingenitam
781 3507 951 3584 astruunt.
1003 3501 1113 3578 secus
1135 3521 1228 3577 vero

167 3606 262 3705 apud
286 3629 356 3682 nus
382 3607 456 3702 est,
483 3609 542 3699 qui
565 3609 740 3705 credimus
770 3630 815 3680 ex
836 3627 912 3680 non
938 3607 1081 3679 entibus
1106 3602 1227 3675 Deum
1266 3630 1274 3637 ·

168 3714 265 3784 entia
288 3706 429 3801 secisse,
455 3720 496 3781 ut
515 3723 629 3784 mater
649 3709 708 3779 illa
728 3706 862 3799 septem
882 3721 1075 3797 martyrum
1092 3704 1129 3775 in
1147 3702 1224 3775 Ma·

166 3813 371 3895 cabarerum
389 3805 518 3907 gestis,
545 3808 815 3903 &poenitentiae
836 3804 997 3905 Angelus
1018 3805 1056 3878 in
1081 3801 1232 3880 Pastore

164 3910 303 3993 docuit,
593 3942 596 3951 ·
696 3938 704 3951 ¹
796 3918 798 3923 '
866 3934 868 3941 ·
1226 3930 1229 3941 ·

666 4104 703 4182 D
729 4129 754 4192 4
1122 4119 1177 4193 19.
