2817 4575
159 348 162 356 ’
293 329 690 432 intonuerunt
727 329 1034 428 Totmsf‘tt,
1113 345 1183 436 ¹⁸?

118 501 194 600 bris
212 499 329 590 vivit,
354 519 425 574 nec
442 496 534 569 nilus
550 495 754 572 viventium
771 494 822 571 est
837 497 876 572 in
893 501 1073 584 tenebris,
1099 493 1186 578 cuns

122 601 265 690 omnis,
292 600 351 691 qui
366 598 482 684 vivit,
506 599 537 670 is
551 595 659 670 etiam
673 595 716 669 fit
733 599 771 670 in
786 599 889 687 luce,
915 601 1102 694 bonnis,
1121 604 1186 697 qui

113 700 166 774 .srt
182 700 220 773 in
243 701 346 792 luce,
373 699 402 770 is
414 693 527 771 *etiarn
545 695 669 786 vivet,
696 696 789 770 adeo
806 695 977 792 ursolus,
1004 699 1038 773 br
1063 703 1182 776 omnis

124 801 260 872 vivens
284 797 327 872 iit
353 797 443 870 lucis
470 792 586 882 filius3
610 794 705 869 fliius
730 810 848 872 autern
869 798 982 879 lucis,
1007 802 1108 893 quus
1130 803 1185 876 iu·

124 915 234 974 ceant
251 917 363 992 opera
378 916 499 969 coram
515 892 732 970 hominibus.

203 997 260 1087 14'.
283 994 435 1078 Rursus,
458 994 626 1087 quonism
644 1015 690 1067 ex
709 995 782 1089 his,
808 1015 886 1087 quse
903 994 1122 1075 differuimus
1138 997 1184 1073 de

126 1099 347 1188 contrariis,
382 1097 529 1190 intelligi
556 1091 700 1188 possunt
725 1097 906 1171 contraris
929 1096 1188 1196 ¹pretermiffs,·

125 1195 303 1272 differitus
327 1208 446 1270 sutem
467 1194 512 1267 de
537 1195 635 1285 vita,
661 1187 793 1268 &iuce
808 1196 1014 1290 hominurn,
1042 1201 1188 1271 contisi
1311 1265 1313 1269 .

126 1299 222 1372 rium
238 1309 363 1371 autem·
377 1296 462 1367 vite
478 1314 574 1367 mors
591 1291 662 1386 est,
688 1293 722 1368 ἃ
741 1299 962 1370 contrarium
979 1298 1050 1369 luci
1072 1297 1188 1371 homi·
1205 1313 1207 1318 ·

125 1417 231 1480 num,
256 1396 414 1468 tenebre
430 1396 612 1467 bominum
623 1394 779 1486 ‚.videre
798 1393 983 1489 estquod,
1004 1397 1116 1487 quiin
1134 1413 1188 1470 te·

125 1498 248 1572 nebris
265 1492 390 1570 existat
403 1495 605 1583 hominum,
629 1493 660 1565 is
677 1495 784 1569 etiarn
797 1493 840 1568 iit
857 1497 894 1568 in
907 1509 1037 1586 morte,
1058 1496 1092 1569 δι
1109 1513 1191 1588 qua

126 1597 255 1670 mostis
275 1591 355 1667 sunt
378 1614 508 1689 agens,
534 1613 612 1666 non
637 1595 718 1665 aiibi
742 1592 806 1686 sit,
834 1615 936 1687 quem
956 1597 993 1668 iu
1017 1596 1186 1670 tenebris.

126 1697 180 1767 At
203 1696 264 1788 qui
283 1713 421 1768 memor
440 1692 490 1766 est
504 1693 575 1766 Dei
593 1690 647 1789 (si
663 1693 1027 1781 consideraverimus,
1048 1695 1131 1788 quid
1145 1694 1189 1770 srt

128 1814 326 1869 memorem
349 1791 420 1865 eise
443 1791 548 1888 Dei)
570 1790 719 1867 nonest
743 1795 779 1865 in
808 1793 928 1867 morte
950 1794 1053 1886 juxte
1077 1794 1189 1887 illud,

129 1895 229 1986 quod
252 1893 412 1966 diciturt·
427 1893 531 1964 Nibti
550 1893 603 1961 tsi·
613 1913 682 1960 cum
697 1910 794 1962 murts
813 1893 906 1964 habet
915 1944 926 1978 ,
952 1900 1007 1989 qui
1022 1919 1135 1965 mmor
1148 1895 1192 1990 cst

128 2001 190 2069 rui.
243 1992 302 2065 An
327 2012 421 2064 vero
445 1992 603 2064 tenebre
627 1989 813 2064 homiuum
839 1993 873 2065 δι
898 2013 1025 2084 mors,
1060 2010 1206 2067 nature.
1285 2063 1288 2070 ,

128 2095 212 2167 telis
234 2091 324 2185 sint,
349 2111 507 2180 necne,
534 2091 679 2162 alterius
703 2089 753 2164 est
777 2092 1091 2167 confideretioniss
1117 2096 1192 2167 Nos

129 2218 254 2265 cramus
275 2193 444 2289 aliquando
466 2190 618 2280 tenura,
653 2214 740 2261 uuus
765 2208 869 2265 nutem
891 2193 951 2262 iux
973 2198 1010 2263 in
1034 2197 1193 2280 Domine,
1258 2192 1282 2216 ‘

129 2293 264 2369 etiamst
286 2291 389 2366 sentti
411 2289 679 2384 spiritualesque
691 2293 763 2383 jam
782 2294 903 2385 aliquo
918 2295 1068 2366 maxime
1085 2290 1193 2386 pasto.
1226 2380 1233 2393 ,

128 2394 247 2469 fimus.
300 2393 471 2488 Quisquis
496 2391 565 2463 fuit
585 2392 776 2482 aliquando
803 2394 982 2484 tenebre,
1009 2392 1125 2475 fartus¹
1140 2390 1194 2469 est

130 2492 283 2590 perinde
306 2494 413 2582 etque
431 2488 581 2574 Paulus,
609 2495 770 2563 tenebrae
791 2511 872 2567 cunt
890 2490 1002 2583 ciret,
1029 2492 1195 2585 capax&

131 2606 259 2685 aptus,
286 2604 327 2664 ut
352 2588 456 2661 fieret
486 2590 547 2660 lux
571 2589 607 2661 in
629 2589 804 2665 Domino.
857 2589 963 2665 Haud
978 2612 1078 2677 ,vero
1103 2591 1194 2687 scio,

131 2714 177 2765 sn
194 2694 295 2783 juxta
313 2691 523 2782 opinionem
541 2708 688 2775 eorum,
716 2689 775 2780 qui
794 2700 939 2763 naturas
954 2704 1079 2763 rentur
1099 2689 1196 2784 spiris
1290 2780 1293 2785 y

132 2794 272 2883 tuales,
299 2789 412 2863 veluti
433 2787 599 2880 Paulum,
627 2809 668 2858 ac
692 2785 830 2861 santius
858 2785 1081 2881 Apostolos,
1107 2810 1196 2873 cone

132 2890 251 2980 sistat,
276 2887 491 2982 spiritualem
507 2884 577 2958 eise
592 2886 781 2979 aliquando
798 2889 984 2973 tenebras,
1010 2888 1197 2981 ipsumque

133 2988 261 3089 postes
280 2990 396 3061 lucem
415 2985 513 3067 fieri;
539 3006 620 3061 nans
645 2986 669 3059 ss
695 2985 882 3078 spiritualis
904 2987 1061 3061 tenebre
1086 3008 1219 3077 quen·-

97 3126 113 3149 κ
133 3093 258 3180 doque
282 3089 369 3168 fuit,
396 3084 569 3158 terrestris
596 3084 738 3176 qualis?
789 3084 902 3183 Quod
925 3085 951 3161 fi
979 3086 1195 3181 verumest,

85 3266 89 3275 ,
135 3190 303 3265 tenebras
326 3185 433 3260 fatias
448 3183 552 3275 fuisse
568 3185 705 3275 lucem,
733 3205 888 3273 quaenem
906 3186 1046 3278 privata
1066 3182 1194 3260 eiectio
1288 3234 1295 3241 -

93 3292 96 3297 '
133 3288 209 3376 est,
238 3307 301 3359 cur
324 3306 399 3357 non
418 3305 544 3357 omnes
564 3287 721 3355 tenebrae
738 3285 798 3355 iux
814 3282 892 3373 fieri
911 3284 1069 3377 queant?
1120 3286 1210 3376 Nisi¹

138 3391 233 3463 enim
250 3389 294 3460 de
308 3385 418 3458 Paulo
443 3382 573 3456 ditium
591 3380 725 3456 fuiffet:
755 3385 890 3455 Erremus
910 3386 1082 3480 aliquando
1098 3391 1135 3455 in
1151 3401 1197 3457 ur

137 3490 267 3574 nebris,
292 3510 377 3555 nunc
400 3504 504 3554 aurem
528 3484 629 3553 lucidi
656 3507 723 3551 cum
749 3489 906 3569 Domin03
935 3486 979 3559 de
1005 3486 1073 3558 illis
1100 3505 1196 3565 vero

135 3610 231 3681 quos
257 3588 471 3658 arbitrantur
496 3596 635 3655 nature
658 3582 876 3677 deperdite‚
903 3585 1072 3675 quonism
1099 3599 1201 3659 tene·

137 3692 211 3763 bre
233 3699 353 3771 erant,
380 3684 412 3754 tir
437 3677 712 3772 tenebraesunt,
739 3685 861 3761 locum
882 3683 1006 3775 utique
1026 3684 1200 3765 habuisset

139 3798 266 3861 eorum
294 3784 339 3856 de
361 3785 494 3854 naturis
522 3780 741 3874 hypothesis.
790 3782 902 3856 Nunc
928 3795 1045 3858 autem
1070 3782 1200 3861 Paulus
1300 3835 1302 3839 -

137 3889 257 3978 inquit
278 3883 313 3956 se
332 3883 522 3970 aliquando
544 3883 708 3954 tenebras
727 3880 848 3974 fuisse,
875 3903 1042 3976 nuncque
1061 3883 1130 3957 eise
1150 3885 1201 3956 lu-

144 4008 221 4065 cem
238 3987 277 4063 in
293 3982 478 4079 Domino,
497 3980 589 4079 quast
605 3982 643 4059 in
658 3983 777 4063 lucem
794 3984 952 4060 tenebre
966 3981 1205 4156 ‘¹³¹¹fi‘{⁹{‘('
1271 4046 1279 4063 r

620 4130 623 4134 ,
981 4150 992 4169 κ
1120 4100 1183 4150 q,
