2817 4575
141 289 151 320 ·’
178 285 198 344 ·’
225 251 246 378 f
288 319 363 400 tn
400 277 698 418 Jonnr'uum
731 297 951 434 uomue
983 315 1012 398 1.
1068 336 1074 342 ·
1116 340 1184 424 ης
1230 281 1249 406 s

125 489 226 567 mum
249 485 390 577 fluxus,
418 472 565 580 eamque
587 479 795 555 facilitatem
817 475 971 575 fluendi,
999 499 1102 576 quarn
1121 497 1187 568 eal.
1293 489 1296 496 '

93 591 99 602 '
125 605 205 663 tera
228 586 422 660 inferiora:
448 597 598 677 propter
625 585 730 673 quam
753 580 1009 681 differentiam,
1035 609 1077 661 ac
1101 614 1187 687 prae·
1293 628 1296 636 ·

126 688 291 764 stantiam
308 685 456 759 dicimus
480 685 586 756 etiam
609 683 736 755 coelunr
760 684 890 756 eximie
906 683 1029 759 divina
1047 696 1188 768 ratione

127 786 270 863 firmata
289 784 400 857 fuisse.
427 786 610 882 Quoniam
629 783 735 877 igitur
751 771 991 876 proponitur,
1009 803 1049 860 ut
1062 810 1188 884 aperte
1211 812 1216 819 ’

125 888 367 982 intelligamus
383 885 456 958 hoc
473 882 624 974 ditium,
654 887 693 952 In
708 888 865 978 principio
880 898 1064 981 erardopoe
1084 887 1188 986 (hoc

129 987 182 1061 est
206 986 321 1059 sermo
346 984 420 1056 slve
444 985 593 1075 ratio),
622 983 838 1073 principium
868 984 1202 1084 verosapientiam,

130 1088 201 1161 dici
223 1086 440 1177 explicatum
461 1081 533 1170 est,
560 1079 771 1156 testimoniis
788 1105 832 1155 ex
850 1082 1056 1160 Proverbiis
1074 1091 1190 1186 sump-

129 1190 197 1278 tis,
224 1184 539 1272 confideraturque
565 1181 735 1276 sapientia
755 1197 839 1256 ante
862 1182 1062 1262 sermonem
1080 1194 1189 1285 ipsam
1236 1185 1241 1211 '

130 1286 422 1374 annuntiantem,
443 1283 681 1378 intelligamus
697 1279 838 1354 ne'celie
855 1282 922 1367 est,
941 1284 1138 1365 sermonem
1152 1296 1190 1367 in
1238 1336 1242 1348 ·
1271 1301 1274 1382 j

130 1386 336 1484 principio„
364 1384 436 1456 hoc
461 1380 510 1454 est
537 1379 727 1476 sapientia,
754 1380 891 1476 semper
916 1386 1007 1479 else,
1035 1410 1190 1483 cumque
1305 1411 1310 1418 ’

130 1486 173 1560 fit
197 1488 233 1558 in
254 1482 443 1576 sapientia,
469 1502 545 1573 quae
571 1495 725 1556 vocatur
749 1484 982 1578 principium,
1010 1509 1084 1563 non
1106 1485 1192 1585 ped.

121 1584 246 1674 iliberi
275 1579 345 1656 elle
372 1581 464 1673 apud
494 1582 636 1671 Deum,
662 1602 742 1654 curn
769 1581 810 1653 srt
836 1585 942 1658 etiarn
966 1587 1039 1682 ipse
1069 1589 1212 1668 Deust‘

130 1706 201 1760 nec
225 1683 318 1775 apud
342 1681 458 1753 Deum
486 1680 688 1772 simpliciter
706 1679 756 1753 est
778 1680 873 1776 ipse,
901 1681 958 1757 sed
982 1687 1134 1766 existens
1154 1696 1192 1770 iu

131 1783 313 1880 principio
335 1780 516 1871 (limiliter
542 1779 737 1874 sapientia)
756 1779 806 1854 est
827 1784 920 1875 apud
944 1785 1085 1880 Deum3
1112 1794 1208 1870 sub-⁴

129 1883 250 1979 jungit
265 1880 380 1971 enim,
397 1881 573 1972 &inquitz
607 1884 667 1951 Hic
679 1895 750 1950 eret
763 1886 799 1950 in
808 1888 965 1980 principio
975 1890 1059 1980 opud
1074 1898 1192 1971 Deum.

131 1985 284 2058 Poterat
309 1981 404 2055 enim
428 1979 575 2073 dicere,
610 1979 682 2052 Hic
707 1991 785 2052 erat
809 1982 901 2073 apud
927 1986 1056 2062 Deum.
1120 1991 1193 2072 Sed

132 2082 432 2176 quemadmodum
455 2094 530 2151 erat
550 2080 586 2152 in
609 2080 808 2174 principi0‚
833 2080 881 2154 lic
903 2082 935 2153 dr
959 2089 1050 2178 apud
1070 2091 1194 2170 Deum

131 2187 168 2257 in
183 2183 363 2276 principio
384 2194 477 2252 erat:
503 2178 537 2250 dr
563 2184 680 2251 Omnia
695 2201 751 2275 per
765 2180 863 2276 ipsum
876 2179 969 2272 [atla
990 2187 1090 2283 suot,
1117 2175 1194 2284 exi}

132 2283 286 2359 stentem
309 2282 346 2353 in
365 2279 563 2374 principio;
588 2282 710 2357 omnia
732 2283 824 2356 enirn
851 2281 952 2357 Deus
979 2282 1099 2383 (teste
1114 2292 1194 2383 Da·
1297 2306 1304 2317 ·

133 2384 243 2474 vide)
258 2383 296 2453 in
313 2380 479 2473 sapientia
496 2379 594 2454 fecit.
632 2378 692 2454 Ad
710 2379 786 2453 haec
802 2384 1037 2481 intelligamus
1052 2389 1196 2468 Sermo-

133 2504 218 2556 nem
234 2484 416 2575 propriam
434 2481 565 2552 habere
581 2477 867 2577 inscriptionem,
887 2489 990 2558 vel-ut
1005 2492 1063 2583 qui
1081 2478 1195 2570 vitem

134 2580 251 2677 perse
269 2576 486 2672 assequatur,
513 2579 702 2652 dicendum
727 2583 833 2654 etiarn
848 2583 909 2656 est
931 2586 975 2659 de
995 2596 1194 2689 potentiis,

134 2702 213 2757 non
232 2680 277 2753 de
292 2680 467 2774 potentia.
505 2682 581 2749 Hac
597 2682 674 2748 dicit
694 2684 849 2750 Dominus
858 2680 1090 2782 potentiarum,
1107 2693 1196 2765 mul-

136 2784 182 2854 tis
203 2782 239 2852 in
259 2780 351 2852 l'ocis
374 2780 543 2868 ponitur,
570 2780 717 2852 nomine
739 2785 982 2873 potentiarum
1008 2789 1196 2868 intelletllt
1236 2790 1238 2797 ’

85 2942 87 2950 .
136 2874 345 2974 quibusdam
364 2878 494 2949 divinis
510 2878 767 2972 animantibuS,
785 2902 862 2970 quae
879 2887 1029 2959 rationis
1044 2886 1124 2962 sunt
1140 2911 1197 2967 ca·
1305 2948 1308 2961 .

137 2982 262 3077 paria,
295 2979 422 3071 quibus
449 2976 666 3069 superior&
690 2982 914 3072 praestantior
941 2983 1099 3061 Christus
1125 2990 1215 3086 est,-

137 3100 219 3155 non
233 3092 372 3151 tantum
388 3073 557 3167 sapientia
574 3077 665 3169 Dei,
694 3078 751 3153 sed
769 3084 875 3155 etiam
892 3088 1055 3179 potentia
1071 3086 1203 3171 dissum

137 3176 192 3251 Ur
215 3178 324 3273 igitur
347 3179 499 3249 virtutes
524 3179 733 3277 complures¹
758 3174 856 3260 sunt,
882 3203 1028 3275 quarum
1054 3174 1197 3287 singulae

138 3272 412 3368 descriptionem
436 3276 592 3367 habent,
621 3278 747 3368 quibus
777 3279 899 3354 differt
921 3283 1122 3380 Servator,
1149 3286 1198 3365 nt

139 3379 245 3452 etiarn
257 3373 274 3452 ὁ
286 3385 412 3470 noyer,
430 3374 483 3472 [id
501 3374 552 3447 est
569 3377 629 3449 ille
645 3372 737 3448 lilius
754 3380 845 3472 Dei,
862 3384 921 3455 illa
938 3384 1050 3478 ratio]
1068 3388 1198 3483 (etiam

139 3477 244 3552 stilla
267 3476 384 3566 ratio,
412 3496 489 3566 quae
508 3476 543 3547 in
566 3477 672 3548 nobis
697 3475 769 3570 est,
796 3501 872 3553 non
895 3484 1024 3556 habeat
1048 3487 1198 3584 descrip-

140 3579 278 3667 tionem
305 3589 404 3663 extra
430 3573 528 3670 nos)
551 3576 772 3672 intelligetur
795 3576 974 3672 Christus,
1003 3586 1105 3674 juxta
1131 3579 1202 3681 ea,

85 3684 91 3777 l
136 3678 215 3769 ⁴quae
234 3690 342 3751 antea
363 3674 628 3768 indagavimus,
655 3674 868 3769 hypostasim
890 3681 1025 3755 habens
1044 3686 1081 3758 in
1104 3690 1200 3795 prin.

85 3784 88 3853 l
142 3779 264 3873 cipio,
302 3772 376 3847 hoc
399 3772 449 3846 est
471 3775 506 3845 in
530 3770 710 3869 sapientia.
768 3776 838 3852 Sed
862 3779 1029 3856 hactenus
1058 3783 1104 3860 de
1133 3802 1200 3871 eo,

142 3874 234 3967 quod
252 3871 330 3971 est,
355 3876 782 3971 lnprlnupoeratsnmo.
835 3894 837 3899 ’
1181 3894 1186 3905 ’

866 4008 1193 4158 oratorumx
1292 4195 1296 4201 Ι
