2817 4575
264 315 274 331 “
362 335 427 414 ru
463 238 780 482 ΜΜΜΜΜΜΜ
799 334 1012 419 nouus
1049 312 1124 415 ΜΜ
1183 357 1255 436 359
1297 450 1303 462 1

188 497 317 589 quibus
344 518 437 599 uero
455 480 578 571 vinum
598 494 782 570 letificans
805 481 883 569 cor
896 497 1075 588 hominis,
1102 493 1257 574 nbnnul·

188 600 232 670 lis
253 587 358 672 etiam
383 596 518 693 sanguis
544 595 593 671 est
613 592 763 692 propter
784 598 888 671 illud:
916 596 994 690 ΝΜ
1020 598 1162 669 biberitis
1178 601 1253 717 scio·

169 703 312 791 ssguiooem
331 725 446 783 meum,
471 697 734 768 bononianum
754 701 843 765 vobis
863 698 1070 790 ipſsr‘oirom:
1099 700 1181 790 quin
1206 702 1253 771 ci·

187 804 256 871 bus
283 793 421 889 diiius,
454 818 528 869 non
559 802 683 873 eadem
712 802 854 869 ratione
883 797 1127 870 consideratur
1150 800 1251 891 panis

187 900 318 974 vivens
343 898 375 969 u
405 918 510 985 cat03
535 896 584 969 sic
604 892 713 987 ipsum
740 898 889 969 existere
910 899 1097 988 aliquibus
1109 900 1251 989 quidem

174 1018 287 1094 ¹aquae
313 998 508 1089 baptisma,
537 995 814 1089 &spiritusbt
805 998 915 1093 ignis,
943 997 1117 1088 aliquibus
1144 999 1250 1073 etiam

185 1096 363 1190 baptisma
389 1096 573 1191 sanguinis.
622 1095 685 1170 «De
710 1112 784 1188 quo
806 1098 935 1172 ultimo
962 1099 1175 1192 baptismate
1199 1101 1250 1172 in·

186 1198 288 1302 quit,
315 1210 355 1267 ut
371 1197 509 1287 quidam
526 1195 718 1288 dixerunt
746 1199 835 1269 hoc:
865 1200 1063 1290 Baptismooe
1079 1200 1248 1292 egilopia

185 1322 263 1365 zoro
259 1294 395 1394 hohen,
423 1298 460 1371 θ
480 1299 680 1393 aliquomodo
697 1297 855 1387 coori'lor,
871 1298 963 1367 donec
984 1297 1064 1369 illud
1077 1295 1249 1392 perfossum

155 1396 303 1489 fuerit.
356 1349 451 1469 Huic
475 1394 635 1468 consona
662 1392 850 1489 discipulus
874 1397 1032 1492 Joannes
1055 1395 1222 1489 scripsit
1213 1418 1250 1471 Μ

184 1492 346 1589 Epistola
366 1495 508 1571 dicens
535 1496 715 1587 spirltum,
739 1515 827 1587 aqua
830 1518 863 1569 m
884 1496 915 1567 iio
937 1494 1161 1612 sauguinem,
1181 1498 1250 1569 tria

184 1594 268 1682 esse,
287 1599 363 1683 que
380 1589 468 1666 seila
487 1592 754 1670 suerintunum.
783 1594 944 1710 Cumque
958 1599 1051 1672 viam
1069 1596 1101 1670 iit
1119 1595 1248 1673 ostium

185 1693 222 1767 se
249 1692 319 1768 else
344 1692 396 1766 fat
382 1707 520 1785 t,eatur
557 1695 671 1788 palam
695 1693 746 1765 est
769 1695 941 1809 omnino,
973 1717 1053 1771 euin
1078 1717 1153 1770 non
1181 1694 1251 1771 effe
1277 1782 1285 1791 ¹

187 1792 339 1885 ostium,
367 1795 491 1867 cuisit
477 1795 592 1875 tvia‚'
618 1813 687 1868 nec
709 1797 857 1885 aniplius
886 1797 979 1869 viam
1004 1794 1074 1870 elle
1095 1797 1165 1882 illi,
1193 1797 1251 1869 cul

185 1894 228 1979 sn
243 1892 381 1965 ollium.
436 1897 634 1990 Quotquot
654 1914 741 1987 ergo
760 1889 944 1965 initiantur
957 1896 1252 1987 primiselemen·

187 1994 232 2077 tis
249 1991 449 2065 sermonum
471 1994 563 2084 Dei,
578 1992 804 2068 vaccedentes
821 1991 864 2065 ad
884 2013 1016 2070 vocem
1033 1996 1201 2068 clamantis
1215 2000 1251 2069 io

186 2094 323 2174 desorto:
355 2087 503 2186 'Dirrgire
526 2097 619 2162 Μ’ΜΜ
641 2098 794 2180 Domini,
822 2094 1057 2184 accedentes,
1083 2097 1249 2187 inquam,

166 2279 169 2284 Ι
185 2208 283 2264 trans
298 2191 362 2285 Jor
367 2194 514 2282 lanem,
544 2193 585 2263 ad
605 2212 738 2264 vocem
757 2192 967 2266 existentem
988 2195 1081 2286 apud
1100 2194 1249 2270 domurn

159 2287 469 2389 ‹praeparationin
490 2293 892 2388 diligenterproparent
910 2291 957 2379 se,
974 2291 1249 2388 utpraeccdenti
1298 2369 1300 2380 ,

138 2392 143 2406 '
166 2400 169 2407 '
188 2392 450 2510 preparatione
462 2413 649 2487 percipere
660 2407 793 2484 queant
805 2391 1020 2486 spiritualem
1036 2394 1250 2486 sermonem,

162 2493 248 2582 'qui
267 2492 478 2584 imprimitur
500 2512 568 2607 per
591 2492 888 2566 illuminationem
916 2492 1068 2585 spiritus.
1121 2492 1250 2567 Conti-

186 2603 316 2665 uenter
334 2593 508 2687 igitur-rei
532 2589 727 2684 proposito
751 2593 985 2688 colligentes,
1012 2613 1089 2685 quae
1107 2594 1149 2665 ad
1167 2595 1248 2687 Jor-

187 2692 313 2763 danem
336 2691 540 2780 pertinent,
567 2693 766 2763 accuratius
792 2690 1054 2766 consideremus
1083 2693 1245 2772 fluvium.
1306 2772 1308 2776 s

186 2791 288 2863 Deus
314 2789 420 2884 igitur
438 2812 503 2884 per
530 2787 659 2863 Mosen
681 2785 836 2864 traducit
860 2793 1035 2886 populum
1064 2813 1128 2883 per
1148 2813 1248 2870 mare

186 2890 345 2975 rubrum,
363 2911 443 2963 cum
458 2887 608 2965 fecisset,
624 2902 665 2962 ut
682 2910 771 2981 aqua
788 2890 867 2984 ipsis
885 2910 1005 2964 murus
1026 2889 1146 2966 eiseta
1163 2891 1249 2964 dex·

186 2991 273 3068 tris,
299 2989 332 3061 ἃ
349 3010 367 3060 Μ
384 2987 535 3081 finistris.
586 2986 683 3083 Jesus
706 2990 972 3063 verorraducit
987 3000 1067 3066 eum
1079 2992 1149 3084 'per
1166 2990 1247 3086 Jor-

185 3092 324 3163 danem.
365 3088 456 3162 Cum
474 3085 610 3186 legisset
627 3103 746 3160 autem
765 3090 981 3181 scripturam
1000 3090 1149 3180 Paulus,
1167 3086 1246 3164 non

186 3191 336 3280 amplius
355 3187 546 3263 secundum
563 3208 705 3261 carnem
724 3189 772 3260 illl
789 3191 942 3263 militans
957 3191 1247 3289 (noveratenim

152 3289 302 3382 “legem
325 3286 540 3383 spiritualem
554 3285 632 3360 ,esse
646 3285 693 3384 ),
721 3287 947 3380 spiritualiter
973 3289 1084 3364 docet
1105 3313 1172 3364 nos
1193 3293 1247 3364 in·

165 3389 396 3483 iterpretati,
424 3405 501 3479 quoe
527 3389 758 3482 contigerunt
777 3391 812 3460 in
836 3389 984 3463 transitu
1004 3393 1107 3465 maris
1130 3391 1244 3478 rubri,
1306 3389 1309 3396 ’

190 3489 344 3560 dicens
333 3509 369 3560 in
394 3491 515 3581 priore
535 3487 577 3558 ad
597 3484 808 3579 Corinthios
822 3485 1003 3582 Epistola3
1028 3491 1182 3563 oblivis
1203 3494 1246 3583 ig·

159 3588 162 3593 ’
188 3613 314 3670 nonore,
324 3587 463 3678 fratres,
481 3613 582 3656 omues
594 3604 702 3693 potres
717 3589 831 3684 noflroo
842 3588 900 3677 sub
913 3614 958 3657 ΜΜ
960 3589 993 3660 be
1001 3587 1114 3682 juisse,
1128 3613 1249 3661 omnes

154 3731 163 3777 ·.
188 3714 248 3806 poe
256 3710 314 3783 per
331 3712 417 3758 moro
433 3682 583 3781 troofiffe,
602 3688 639 3761 (i
659 3693 812 3758 omousio
834 3689 943 3781 Moyse
959 3689 1137 3787 baptizator
1150 3689 1245 3782 {uisse

162 3867 166 3877 Ι
190 3797 226 3859 in
244 3786 345 3870 nubo,
372 3786 441 3862 (Ἰ
429 3814 465 3857 m
483 3793 584 3872 mori,
610 3784 649 3862 (5
667 3811 770 3857 omner
785 3792 913 3863 eundem
934 3793 1033 3859 cibum
1048 3791 1249 3885 spirituolem

186 3880 360 3989 comedijfe,
386 3887 425 3966 (J
446 3914 547 3957 omnes
568 3889 699 3960 eundem
715 3894 824 3983 potum
837 3891 1035 3984 spiritualem
1055 3893 1086 3960 bi
1089 3889 1178 3982 biffe:
1201 3891 1247 3958 bi·

160 4070 164 4077 ,
186 3989 239 4069 bib
241 4007 299 4069 om
316 3994 399 4066 onim
417 4011 458 4066 ox
469 3988 639 4109 spirituali
657 3986 804 4080 [contorio
828 4007 1003 4091 cospetto:
1028 4007 1065 4065 oi
1087 4014 1163 4061 vero
1187 3991 1246 4066 illa

679 4083 841 4188 Zg
914 4105 949 4121 ’·
1123 4101 1228 4182 quam
1272 4154 1311 4213 a...

849 4186 863 4218 Q
