2817 4575
304 287 369 444 tu
406 345 702 461 tornatura
739 353 942 460 nonus
979 351 1015 441 r:
1091 365 1181 463 'ra-3

122 530 222 605 nium
245 526 341 622 apud
366 524 504 600 Patrem
526 523 714 616 declarat,¹
732 521 950 597 obsecrantis
977 547 1046 620 pro
1068 526 1182 605 honri·

124 650 211 704 num
236 642 382 717 natura,
410 626 443 702 sit
469 644 546 698 eam
570 625 746 716 expiantis
769 637 875 716 atque
896 628 1119 720 advocatus,
1145 629 1180 702 δι

98 744 101 750 ·
125 725 628 824 propitiatio&prottitiator:
655 724 921 799 &aduocatum
940 729 1080 817 quidem
1093 748 1182 802 nun·

126 842 235 932 tupat
252 847 333 900 eum
349 827 507 921 Joannee
525 825 561 898 in
577 820 736 918 Epistola
749 822 807 895 sua
821 823 962 898 dicens:
989 831 1027 898 Si
1039 852 1182 924 peccava-

124 935 170 1000 tit
193 933 284 1025 qais,
310 927 496 998 advocatam
518 913 662 994 iniimus
686 924 770 1021 apati
800 923 923 997 Patrem
949 929 1059 1021 Jtsam
1086 931 1183 999 Chri·

122 1030 202 1128 flam
224 1028 351 1120 jurium,
403 1023 547 1098 Dicitur
569 1025 674 1098 etiam
698 1023 910 1118 propitiatio
928 1029 972 1099 ab
995 1030 1122 1104 eodem
1144 1031 1182 1106 in

129 1113 251 1202 eadem
277 1123 452 1221 Epistola:
481 1123 528 1196 Et
551 1125 604 1195 ata
627 1129 815 1222 propitiatio
837 1124 878 1220 epi
893 1146 952 1223 pro
971 1134 1106 1218 parcatis
1128 1153 1182 1202 tta·
1243 1123 1246 1134 ¹

125 1230 209 1328 piris.
239 1227 408 1300 Similiter
424 1228 460 1296 in
477 1221 636 1316 Epistola
654 1224 697 1297 ad
711 1223 920 1322 Romanos,
946 1228 1185 1321 propitiator:

132 1334 233 1426 Quem
249 1327 407 1424 proposuit
429 1330 513 1396 Deus
526 1329 764 1424 propitiatorem
778 1325 957 1422 perfidam,
983 1329 1083 1421 cujus
1099 1349 1184 1421 pro·

85 1461 94 1514 ς·
130 1427 299 1522 pitiatorii
324 1440 400 1499 erat
421 1429 544 1500 umbra
566 1425 724 1516 quaedam
744 1445 888 1501 aureum
905 1427 993 1500 illud
1015 1432 1186 1524 propitia·
1249 1421 1253 1443 '

101 1529 259 1600 'tarium
289 1527 431 1599 duobus
458 1524 658 1621 imposrtum
688 1522 870 1599 Cherubin
899 1528 939 1600 in
962 1526 1115 1620 intima,
1150 1529 1185 1604 δι

133 1626 251 1702 Sancta
274 1623 483 1699 saniiorum.
537 1624 821 1722 Quomodonam
848 1646 941 1698 uero
963 1626 1191 1722 advocatur,-

133 1727 162 1799 ὰ
183 1726 421 1819 propitiatio,
446 1726 644 1798 tumetium
664 1725 955 1816 propitiatorium
976 1724 1046 1800 effe
1070 1726 1187 1819 posset
1222 1817 1225 1822 Ι

134 1825 226 1920 Jesus
249 1828 384 1917 absque
403 1824 474 1897 Dei
498 1826 685 1916 potentia,
713 1845 789 1913 que
814 1823 967 1898 nostram
992 1828 1116 1899 abolet
1135 1828 1187 1900 in·

133 1923 354 2010 firmitatem,
382 1926 414 1995 ut
435 1944 514 2015 quae
535 1926 571 1998 in
594 1924 816 1997 credentium
834 1927 972 1997 animos
990 1925 1127 2019 infinit,
1154 1928 1188 2002 it

136 2047 153 2098 a
171 2026 253 2122 Jesu
277 2023 574 2113 subministratur,
600 2023 659 2115 qui
682 2044 723 2096 ea
742 2022 841 2117 prior
858 2021 928 2114 est,
956 2045 1037 2097 cum
1058 2026 1099 2097 stt
1116 2025 1190 2120 ipsa

135 2123 198 2199 Dei
220 2127 410 2221 potentia,
436 2144 500 2216 per
527 2144 631 2216 quem
656 2122 884 2194 etiam-ditat
900 2124 1044 2214 aliquis:
1073 2131 1190 2200 Omnia

96 2239 99 2244 '
134 2225 243 2323 poffrrtta
264 2247 321 2324 ptr
348 2225 524 2322 carritum,
551 2230 607 2322 qui
631 2247 679 2294 me
704 2219 908 2295 corroborat?
957 2227 1192 2322 Quapropter

133 2326 315 2403 Simonem
344 2325 485 2417 quidem
512 2327 611 2398 illum
634 2345 799 2419 magnum
825 2321 971 2416 seipsum
999 2329 1192 2418 praedican·
1263 2411 1266 2416 ¹

136 2440 204 2507 tent
222 2426 293 2501 esse
310 2427 508 2521 potentiam
525 2426 616 2517 Dei,
637 2445 714 2516 quae
732 2438 888 2497 vocatur
900 2446 1044 2520 magna,
1066 2426 1198 2505 scimus,

137 2546 309 2603 unacum
335 2523 398 2597 suo
424 2539 573 2620 argento
599 2525 635 2595 in
660 2524 863 2608 interitum,
896 2523 1194 2617 &perditionem

96 2680 102 2691 .
137 2626 272 2702 abiisse:
297 2644 366 2700 not
386 2646 476 2696 vero
499 2622 672 2697 Christum
696 2644 784 2696 vere
810 2620 879 2695 Dei
903 2628 1105 2718 potentiam
1123 2625 1194 2701 effe
1216 2714 1221 2718 ,

137 2726 315 2818 fatentes,
342 2744 563 2817 quecunque
582 2742 641 2795 res
657 2723 696 2795 vi
718 2723 878 2819 pollent,
903 2724 1007 2820 ipsius
1029 2726 1098 2801 eise
1116 2746 1206 2823 pat·¹

103 2852 106 2857 ·
139 2823 475 2923 ticipespersuasum
492 2825 673 2898 habemur.

211 2950 270 3021 39.
298 2925 388 2998 iilud
412 2939 531 2997 autem
551 2923 693 3001 silentio
711 2939 788 2994 non
804 2926 1112 3020 pretereundum,
1138 2925 1197 3025 Je·
1283 2924 1296 2999 .'

85 3094 87 3103 .
139 3026 300 3103 sum'Dei
315 3023 518 3119 sapientiam
537 3025 668 3098 merito
690 3019 861 3116 existere,
888 3023 1029 3100 &hanc
1049 3029 1099 3103 ob
1116 3044 1201 3103 tau.

85 3114 88 3251 Ι
139 3122 208 3202 sam
223 3128 299 3199 hoc
317 3126 464 3198 nomine
481 3124 669 3218 appellari:
695 3119 828 3213 quippe
842 3142 923 3199 curn
942 3145 1018 3199 non
1041 3127 1078 3202 iu
1094 3125 1217 3225 nutiia'

85 3258 87 3291 ι
141 3228 338 3301 visionibus
362 3224 458 3310 Dei,
493 3220 662 3295 &Patris
693 3219 944 3299 universorum
974 3210 1207 3303 substautiim‘

115 3326 272 3403 thabeat
292 3324 462 3418 sapientia
486 3321 620 3416 ipsrus,
652 3318 800 3415 perinde
826 3334 934 3417 atque
953 3327 1201 3418 phantasmata

141 3426 405 3523 cogitationum
430 3423 672 3496 humanarum.
724 3421 837 3517 Quod
862 3420 886 3496 fi
912 3425 989 3515 quis
1008 3424 1128 3520 potest
1150 3424 1203 3498 iu·
1288 3468 1291 3473 -

143 3545 359 3618 corpoream
375 3522 599 3596 substantiam
615 3520 791 3593 variarum
810 3520 1107 3617 speculationum,
1126 3542 1205 3615 quer

144 3628 307 3701 omnium
322 3623 485 3701 rationes·
499 3622 711 3713 continent,
733 3621 943 3713 viventem,
961 3623 1118 3697 &veluti
1132 3623 1205 3698 ani·

143 3743 275 3805 maram
306 3722 557 3813 considerare,
586 3721 618 3795 is
644 3721 751 3814 piane
781 3719 869 3797 sciet
899 3721 971 3795 Dei
1000 3720 1206 3817 sapientiam

85 3858 95 3915 r
145 3829 247 3901 omni
270 3835 433 3899 ereatura
454 3824 562 3917 longe
585 3818 829 3916 prestantem,
855 3840 898 3893 ae
919 3823 1014 3895 bene
1033 3825 1078 3896 de
1093 3819 1209 3917 ieipsa

147 3928 287 4009 diceret
315 3927 403 3995 Deus
418 3929 539 3993 artavit
555 3945 602 3992 me
617 3925 750 3996 initiam
764 3919 1050 4011 viaramgsamm,
1066 3925 1104 3993 od
1116 3943 1209 4019 opera

149 4036 243 4133 ajat,
275 4041 469 4125 perquam
491 4023 712 4201 creatiorbem
735 4023 861 4121 potuit
887 4024 1030 4121 quentia
1057 4034 1237 4195 ιτεςικζιι

200 4148 206 4163 ,
478 4149 482 4159 ,
699 4136 722 4219 3
1106 4137 1163 4203 Ax
1187 4156 1204 4176 ,
