2817 4575
336 307 405 440 'ru
441 311 980 457 Jonu-uc'trronus
1015 354 1044 431 1.
1138 375 1224 464 n„
1267 314 1277 330 ’

162 524 374 626 titbsrstete,
405 519 499 599 haud
521 532 648 612 expers
680 512 833 589 existens
860 515 992 594 divina
1020 518 1222 623 sapientie„

165 651 230 730 per
257 648 372 722 quarn.
387 621 477 695 faita
501 619 575 692 est:
609 615 916 711 quandoquidem,
943 618 1032 694 teste
1052 622 1224 722 -Davide,

166 723 206 809 l'n
219 729 382 825 sapientia
390 723 474 816 fecit
489 720 594 790 omnia
613 711 712 788 Deus.
762 717 832 790 Sed
853 719 965 798 multa
982 723 1124 816 quidem
1142 747 1223 820 par.

164 831 378 925 ticipatione
397 822 571 916 sapientiae
584 813 867 910 prosuntque
887 818 1032 895 viciffim
1045 843 1121 899 nou
1138 825 1223 903 ass'e·

165 942 324 1026 quuntur
340 945 437 1014 eam,
455 942 522 1014 qua
542 931 659 991 creata
676 918 773 991 sunt:
798 937 977 1012 perpauca
993 939 1111 1000 autem
1128 925 1224 1022 sunt,

167 1051 244 1124 quae
261 1046 339 1102 non
353 1026 464 1101 modo
485 1041 582 1106 eam,
610 1039 687 1110 quae
703 1016 821 1109 adse,
846 1024 1116 1121 verumetiam,
1143 1047 1223 1119 quae
1317 1035 1322 1062 ⁶

168 1134 209 1206 td
231 1127 345 1203 multa
369 1126 435 1197 alia
461 1119 609 1213 spectat,
636 1118 841 1210 sapientiam
866 1115 1115 1211 affequuntur,
1140 1119 1226 1203 cum
1323 1161 1327 1170 ¹

168 1227 328 1306 Christus
352 1225 394 1300 stt
418 1218 579 1297 universa
603 1216 783 1309 sapientia.
842 1220 1006 1389 (ἐυϋίὺεῑ
1030 1240 1149 1301 autem
1176 1227 1226 1301 sa·
1316 1277 1322 1284 -

169 1333 289 1426 piens,
305 1340 478 1419 quatenus
495 1320 697 1413 sapientiam
715 1320 833 1410 capit,
879 1332 894 1392 t
910 1315 1060 1416 Christi,
1077 1328 1227 1420 inquam·

168 1447 243 1506 tum
270 1424 321 1501 est
347 1418 760 1516 sapientia,'particeps:
793 1420 1090 1509 quemadmodum
1119 1447 1236 1501 unun-

171 1532 318 1623 quisque
335 1526 470 1597 viribus
486 1523 593 1614 longe
607 1520 836 1611 ptaeceilent,
863 1528 1238 1621 quantumparticeps.

170 1630 218 1707 est
236 1627 429 1722 potentie,
456 1620 677 1693 tantumdem
691 1621 798 1691 etiam
816 1617 964 1711 Christi,
986 1633 1160 1715 quatenus
1175 1619 1241 1708 est¹

171 1730 354 1825 potentia,
381 1723 431 1797 est
448 1723 639 1816 particeps.
684 1719 797 1815 Quod
814 1720 907 1794 idem
922 1723 1030 1800 etiam
1045 1726 1090 1799 de
1106 1724 1230 1801 saniti-
1311 1729 1313 1734 ’

128 1907 131 1916 ,
171 1829 363 1916 titutione,
389 1824 422 1895 dt
447 1824 491 1892 de
518 1818 770 1911 redemptione
797 1815 1018 1919 sentiendum
1045 1821 1106 1898 est.
1154 1824 1242 1920 Ipsa·

128 1971 130 1996 .
172 1928 337 2023 uquidem
357 1918 607 2010 sanctificatio,
633 1919 727 1990 unde
751 1914 857 1990 fanen
879 1918 1020 1995 sumunt
1041 1922 1244 2002 fatidico,

175 2032 331 2118 tionem,
349 2020 596 2112 &redemptio
615 2014 772 2090 Christus
788 2017 895 2091 nobis
908 2016 1018 2095 fadus
1037 2023 1105 2097 est:
1122 2015 1241 2103 unus·¹

176 2132 322 2224 quisque
338 2137 456 2197 autern
477 2117 636 2191 nostrum
659 2119 718 2189 illa
738 2112 1014 2195 santiificatione
1042 2121 1234 2201 sanetifica-
1309 2212 1311 2216 ,

176 2245 250 2324 tur,
278 2226 385 2301 &ilia
401 2220 652 2323 redemptione
665 2217 859 2292 redimitur.
911 2217 1076 2297 observa
1095 2238 1246 2322 autem,

179 2323 471 2422 an'particulami
490 2321 598 2404 nobis,
624 2320 768 2392 minime
791 2316 918 2393 frustra
941 2324 1115 2399 addiderit
1132 2327 1232 2421 Apo·

178 2431 284 2505 stolus
304 2429 445 2521 dicens:
480 2424 550 2513 Qui
566 2417 678 2511 fufius
695 2420 735 2516 esi
752 2419 838 2489 nobis
855 2421 1015 2516 sapientia
1036 2452 1056 2494 a
1081 2431 1168 2510 Deo,
1192 2425 1248 2504 θ’

178 2531 320 2630 juditia,
346 2524 384 2602 (i
403 2520 630 2614 innidificent,
656 2519 695 2594 (5
718 2521 893 2615 redemptio.
943 2520 1142 2617 Itidemque
1169 2529 1237 2601 ob·

182 2618 278 2707 serva
289 2620 508 2719 Apostolum
523 2639 600 2693 non
614 2621 658 2692 ab
673 2638 713 2692 re
724 2620 805 2692 alibi
824 2615 946 2695 dixisse
961 2622 1124 2698 absolute
1135 2623 1241 2701 Chri·

181 2730 285 2820 stum,
313 2726 384 2798 Dei
408 2721 632 2814 sapientiam,
659 2717 787 2792 &Dei
813 2719 1034 2812 potentiam,
1061 2718 1237 2817 quatenus

181 2828 344 2925 potentia
363 2824 397 2896 δι
416 2821 583 2915 sapientia
600 2816 671 2910 est,
698 2821 804 2893 etiam
823 2819 847 2893 st
863 2840 931 2892 nos
952 2820 1240 2902 existimaffemua

182 2952 259 3007 eum
291 2945 370 3000 non
395 2921 465 2996 eise
488 2920 688 3013 potentiam
709 2916 804 3011 Dei,
830 2939 949 3010 neque
968 2919 1173 3013 sapientiam
1200 2926 1240 3003 in
1327 2938 1329 2945 '

183 3025 404 3115 universum,
429 3019 489 3095 sed
506 3019 624 3094 nobis.
674 3019 788 3093 Nunc
804 3032 923 3093 autem
944 3019 1059 3113 Jesum
1083 3024 1242 3100 scribens

183 3125 380 3225 Apostolus
404 3119 609 3215 sapientiam
634 3115 705 3195 eise
732 3139 782 3214 aq
798 3118 1024 3210 potentiam,
1049 3125 1248 3215 aliquotiee

184 3226 425 3305 vocabulum,
450 3219 558 3311 nobis,
584 3219 702 3313 addit,
729 3219 919 3311 aliquoties
942 3241 1017 3295 non
1037 3222 1155 3318 addit,
1181 3229 1246 3307 ab·.

184 3328 299 3407 solute
330 3319 640 3416 eum-sapientiam
664 3317 919 3413 &potentiam
944 3320 1127 3415 scribens,
1161 3346 1268 3421 cum,

184 3430 280 3510 idem
299 3424 442 3499 interim
465 3441 543 3493 non
564 3417 693 3514 faciat,
718 3417 875 3493 scribens
900 3440 982 3496 eum
1005 3421 1075 3497 esse
1096 3421 1245 3502 sandid-

174 3531 369 3605 'tationem
387 3519 734 3611 &redemptionem
772 3518 958 3615 Quocirca
974 3523 1080 3615 vide,
1095 3532 1247 3620 quoniam

187 3636 243 3731 qm·
270 3620 473 3721 fraudifica,
499 3620 537 3697 U
560 3624 615 3716 qui
632 3617 879 3708 santificantur
904 3647 943 3692 ex
966 3646 1030 3692 unu
1052 3648 1175 3709 omnes,
1199 3648 1256 3709 au·

128 3806 130 3815 ,
186 3728 308 3827 ipius,
335 3723 396 3817 qui
410 3718 461 3796 est
476 3717 597 3795 nostra
612 3715 863 3811 sanctificatio,
888 3716 1117 3798 santificatio
1132 3724 1249 3807 utta.

188 3844 267 3912 ten
297 3819 599 3922 quemadmodum
622 3819 727 3915 ipsius
753 3815 905 3913 Christi,
931 3824 990 3912 qui
1014 3824 1065 3898 est
1085 3826 1253 3906 nostrum·

190 3942 320 4027 caput,
347 3935 458 4017 caput
474 3918 524 3993 est
539 3915 655 3993 Pater.
696 3915 759 3990 Est
776 3933 894 4017 autem
911 3916 1113 4020 redemptio
1130 3927 1261 4005 nostra¹
1300 3922 1303 3933 ¹

189 4026 375 4123 Christus,
403 4020 564 4116 eoquod
585 4022 624 4097 in
651 4020 902 4121 captivitatem
920 4023 1069 4105 abdutti
1089 4045 1190 4118 opus
1202 4029 1284 4100 tm·-

271 4152 274 4161 ·
1086 4127 1249 4205 tuumne
