2817 4575
335 353 402 430 ru
427 285 740 452 ‘'Jonnnnn'
766 351 975 430 tomus
1015 354 1042 432 r.
1172 309 1216 450 as

147 513 379 593 divitiarum,
404 513 651 611 &sapientiae‚
678 515 948 611 &cognitionis
965 520 1061 611 ejus,
1086 518 1216 594 Serva·

146 627 213 692 tor
234 613 357 688 noster
382 611 490 707 sciat,
518 616 551 687 nr
574 615 674 690 caula
694 615 919 712 glorificandi
939 617 1090 698 Patrem,
1119 639 1211 709 quae·

147 714 233 788 dam
255 735 275 788 a
299 713 404 788 Patre
427 719 572 812 cognita
593 715 663 792 elle
686 718 801 808 dicat,
830 737 906 806 quae
925 713 1035 790 Filius
1053 720 1209 816 ignoret,

146 833 232 886 curn
254 813 389 903 alioqui
415 815 518 908 polit
538 838 585 889 ex
608 837 713 906 aequo
732 816 879 908 perinde
898 830 1004 908 atque
1028 818 1211 914 ingenitus

145 910 250 987 Deua
269 913 566 1010 apprehensiones
584 916 833 1009 prehendere3
860 914 1038 991 sciendum
1060 918 1111 991 est
1130 919 1208 1002 Set·

85 1049 88 1074 ÷
145 1025 315 1088 umorem
330 1011 466 1108 ipsum,
492 1018 572 1106 quia
589 1015 631 1089 srt
647 1019 799 1109 veritas,
825 1017 913 1090 nihil
928 1018 1004 1089 veri
1023 1019 1204 1111 ignorare,

85 1087 92 1274 ἱ
144 1113 254 1203 idque
272 1127 348 1188 turn
363 1117 516 1189 maxime
534 1115 796 1213 adjungendum
811 1112 883 1204 est,
910 1114 1019 1189 solida
1037 1119 1059 1188 ir
1077 1119 1127 1190 est
1144 1139 1205 1191 ue·

87 1273 97 1296 .,
141 1216 249 1292 ritas,
273 1233 320 1288 ne
343 1216 520 1288 claudicet
544 1217 678 1290 veritas
709 1216 881 1298 diminuta
904 1215 1117 1312 cognitione
1142 1239 1204 1290 eo·

142 1335 244 1396 rum,
269 1334 347 1406 que
373 1312 515 1389 suntin
541 1313 773 1402 fontane,
802 1331 845 1390 ut
870 1313 923 1389 isti
945 1314 1106 1408 tradunt:
1140 1318 1202 1391 vel

92 1413 99 1432 ⁴
144 1413 310 1487 ostendat
333 1414 481 1507 aliquis,
509 1415 666 1506 quaedam
688 1415 785 1508 elie,
820 1434 896 1508 quae
922 1417 1201 1512 cognoscuntur,

85 1557 100 1592 r·
141 1535 218 1605 quar
245 1514 408 1587 veritatis
434 1517 677 1610 appellatione
702 1518 903 1612 nuncupari
927 1514 1199 1612 nonpoffunt,
1247 1594 1260 1605 ,

85 1605 97 1632 ”“
141 1611 200 1688 sed
217 1613 320 1707 supra
337 1614 443 1706 ipsam
463 1617 653 1690 veritatem
671 1617 733 1690 fita
751 1618 840 1691 sunt.
1016 1681 1021 1690 .

216 1721 274 1794 28.
301 1710 478 1790 Caeterum
498 1713 722 1808 perspicuum
743 1716 793 1789 est
806 1717 1017 1810 principium
1035 1715 1199 1792 ,iontem-

141 1833 210 1904 que
233 1815 318 1888 vita
340 1814 542 1888 sincerioris
566 1835 607 1890 ac
627 1818 809 1909 purioris,
843 1830 952 1906 atque
975 1840 993 1886 a
1020 1817 1198 1891 mixtione

139 1915 394 2007 cujuscumque
408 1916 461 1987 rei
478 1916 620 2008 aliene,
637 1917 786 2009 proprie
804 1918 839 1986 in
859 1917 1101 2008 primogenito
1120 1936 1199 1988 om·

137 2016 192 2088 nia
211 2031 381 2088 creatutae
400 2012 573 2109 existere,
601 2035 706 2107 aqua
726 2009 785 2106 qui
809 2012 935 2086 Christi
956 2013 1036 2086 sunt
1055 2015 1197 2108 partici-
1233 2085 1235 2092 .

139 2112 413 2207 pertenentes,
431 2133 553 2188 veram
573 2117 708 2187 vivunt
723 2119 853 2203 vitam3
869 2134 949 2186 curn
966 2115 1020 2199 hi,
1037 2114 1094 2205 qui
1108 2134 1196 2206 prae·

138 2227 198 2286 ter.
214 2213 326 2309 ipiam
349 2216 479 2287 vivere
495 2214 760 2309 existimantur,
786 2230 827 2289 ut
844 2234 965 2287 veram
982 2216 1098 2286 lucem
1117 2234 1194 2287 non

94 2338 98 2363 ·
137 2312 290 2405 habent,
315 2314 365 2388 ita
382 2336 429 2407 ne
445 2336 566 2390 veram
587 2317 729 2408 quidem
752 2317 880 2389 vivant
899 2317 1021 2389 vitam.

94 2412 102 2485 '.
208 2436 266 2509 29·
295 2416 477 2510 Quoniam
496 2419 640 2489 veroin
659 2419 759 2489 Patre
776 2418 834 2487 vel
851 2416 945 2506 apud
960 2414 1098 2487 Patrem
1116 2433 1193 2487 non

93 2556 100 2607 -,
135 2514 219 2589 lieet
246 2512 317 2588 elle
343 2521 397 2588 ei:
432 2518 490 2605 qui
515 2520 666 2609 primum
693 2518 736 2587 ab
762 2516 835 2588 imo
861 2515 1086 2588 ascendendo
1115 2534 1201 2587 non·

135 2614 341 2709 pervenerit
363 2615 405 2687 ad
426 2614 506 2690 Filii
524 2616 766 2701 divinitatem,
793 2636 855 2707 per
872 2636 973 2705 quam
990 2616 1066 2704 quis
1083 2634 1189 2688 manu

135 2714 213 2790 duci
237 2713 359 2807 potest
383 2717 549 2789 etiamad
572 2730 776 2808 paternam,
803 2713 931 2788 ollium
949 2713 1117 2785 Salvator
1139 2715 1192 2799 in-

133 2812 281 2908 scriptus
296 2812 365 2888 est:
391 2817 529 2912 generis
551 2830 669 2889 autem
683 2815 827 2888 humani
846 2834 964 2888 amans
981 2833 1062 2887 cum
1080 2813 1141 2900 sn,
1156 2813 1191 2885 δε

134 2916 426 3005 qualemcumque
446 2917 645 2990 animorum
665 2915 709 2987 ad
727 2916 913 2987 meliorem
932 2913 1067 3008 frugem
1089 2914 1190 2984 incli·
1286 3000 1290 3007 ι

102 3028 105 3037 ·
132 3016 314 3089 nationem
337 3015 524 3105 admittat,
550 3036 698 3105 eorum,
726 3017 784 3102 qui
805 3015 847 3084 ad
864 3025 968 3107 >tepor
987 3013 1006 3108 (
1022 3015 1058 3085 id
1077 3012 1127 3083 est
1144 3012 1187 3085 ad
1285 3039 1288 3049 ·

131 3111 338 3208 tationem)
357 3134 433 3186 non
452 3115 639 3202 festinant,
673 3117 871 3205 oviumque
897 3113 1001 3188 instar
1026 3135 1101 3186 nor
1129 3134 1188 3185 err·
1247 3120 1250 3127 '

131 3215 316 3307 quifitam,
339 3212 399 3288 sed
427 3214 670 3288 irrationalem
694 3213 1018 3300 mansuetudinem,
1047 3215 1188 3285 &leni-
1279 3258 1294 3269 ,-

132 3326 238 3389 tatem
258 3318 413 3404 nabent,
439 3316 558 3408 pastor
575 3313 747 3387 efficitur:
780 3319 927 3385 Homines
947 3315 1060 3399 enim,
1080 3312 1118 3387 U
1128 3320 1186 3407 ju·

131 3431 233 3485 menta
249 3414 363 3504 fierent
383 3412 557 3487 Dominus.
610 3416 709 3511 Quin
732 3415 764 3484 &
784 3415 909 3506 Israel,
938 3415 971 3486 &
997 3414 1101 3505 Judas
1127 3434 1186 3484 ne·

132 3514 208 3589 durn
225 3516 427 3603 hominum,
446 3514 503 3588 sed
523 3515 629 3589 etiam
639 3514 886 3612 jumentorum
901 3511 1015 3587 semen
1029 3512 1185 3586 seminat.

199 3636 257 3705 30.
286 3614 344 3713 ild
359 3616 466 3686 haeca
485 3617 663 3708 principio
682 3610 974 3689 considerandum
993 3612 1043 3684 est
1058 3608 1184 3684 Christi

93 3792 97 3801 ,
133 3716 369 3802 vocabulum,
397 3715 561 3807 adjuntio
578 3720 683 3789 etiam
699 3716 885 3787 vocabulo
900 3715 1011 3807 regis,
1029 3726 1070 3783 ut
1086 3730 1184 3784 com·

93 3856 97 3875 ι
133 3817 314 3905 paratione
334 3814 418 3904 quid
436 3814 604 3889 differant
619 3816 848 3909 intelligatur.
901 3810 990 3887 Cum
1010 3817 1128 3905 itaque
1147 3816 1184 3889 in

99 3952 102 3959 ·
135 3932 252 4001 quarto
280 3915 339 3987 hic
363 3913 395 3982 tlt
421 3915 684 4012 quadragesrmo
712 3913 845 4008 psalmo
868 3916 1028 4005 dicatur,
1063 3935 1183 3986 amans

134 4010 277 4111 iustitie,
293 4016 328 4117 tt
342 4011 427 4087 olor
441 4016 659 4195 iniquitati}
676 4034 750 4108 prae
765 4016 991 4115 parneium,
1013 4015 1066 4095 oo
1078 4015 1203 4087 talem·

581 4184 586 4195 ·
684 4140 706 4217 3
1076 4133 1171 4210 ‘iiii
