2817 4575
265 355 328 436 IN
363 352 651 458 JOANNEM
689 352 897 432 tonius
926 354 1004 430 Vl.
1078 375 1146 452 333

131 507 268 594 tritorum
287 527 365 621 ejrtr.
417 520 481 620 Ipse
496 544 554 591 vos
571 518 747 616 baptizabit
767 524 804 589 in
823 522 961 624 Spiritu¹
973 513 1083 606 fiandio
1107 521 1147 612 U

131 650 174 699 nt.
505 678 513 696 .

172 744 226 814 17·
250 717 438 795 Tenentes
452 717 559 816 igitur
573 731 728 810 quatuor
742 710 1043 811 Evangelistarum
1059 711 1158 790 fimi--

131 824 292 912 everha,
318 841 384 916 age
404 820 585 892 videamus
611 837 677 908 pro
701 817 793 888 virili
812 810 963 890 seorsum
981 820 1149 891 uniuscu·
1215 825 1218 832 '

132 943 220 1013 sque
238 922 341 993 verbi
360 917 514 1010 sensum,
540 915 574 989 dt
596 913 836 1002 differentias,
859 913 964 988 initio
988 915 1104 990 sumto
1127 932 1148 986 a

131 1021 299 1112 lattlraeo,
333 1021 392 1110 qui
417 1019 549 1110 primus
575 1029 786 1090 ceterorum
812 1015 962 1088 traditur
987 1011 1149 1112 Evange-

131 1141 177 1193 rm
196 1115 372 1192 tradidiffe
394 1116 577 1195 Hebraeis,
602 1115 662 1207 qni
686 1134 730 1187 ex
748 1111 1016 1190 circumcifione
1037 1114 1150 1190 credi·

131 1233 240 1292 trent:
269 1219 334 1312 Ego
352 1241 426 1302 vos,
453 1218 592 1309 inquit,
618 1222 655 1283 in
673 1241 755 1312 aqua
772 1216 899 1312 baptizo
915 1217 955 1286 ad
977 1215 1031 1310 refi
1052 1215 1149 1306 isten-

131 1345 197 1407 am,
225 1317 338 1390 veluti
363 1313 573 1413 purgans&
595 1314 780 1387 deterrens
801 1316 944 1388 atebus
969 1236 1088 1406 made,
1115 1311 1150 1388 dt

131 1420 139 1490 l
158 1415 428 1506 resrpiscentlam
451 1414 626 1488 invitans:
652 1429 693 1486 ut
710 1433 902 1508 praeparem
923 1413 1016 1488 enirn
1035 1433 1151 1509 popu·

134 1541 168 1594 m
190 1513 393 1590 instruitum
410 1534 479 1612 ego
501 1513 604 1588 veni:
630 1512 663 1584 dr
684 1516 725 1586 ad
744 1515 1010 1610 preparandum
1029 1516 1151 1589 locum

131 1615 340 1709 efipiscentiae
363 1634 429 1708 per
450 1616 661 1705 baptismum
688 1610 768 1705 post
796 1634 854 1688 me
879 1628 1059 1704 venturo,
1091 1613 1152 1707 qui

131 1738 165 1788 tc
193 1715 298 1788 etiam
324 1715 466 1786 ratione
490 1714 600 1808 longe
625 1713 830 1803 potentius,
858 1713 1151 1807 praestantiusque

132 1803 201 1888 ram
219 1834 296 1887 mer
313 1811 354 1885 sn
367 1817 555 1904 potentia,
582 1811 690 1882 vobis
710 1811 915 1904 adjumento
934 1813 1074 1889 iuturus
1089 1811 1152 1888 est.

136 1914 278 2006 quidem
303 1913 395 1984 illius
420 1914 615 2006 baptismus
637 1929 714 1981 non
740 1909 791 1982 est
819 1914 1042 2005 corporalis,
1069 1932 1153 1987 eum

132 2012 357 2106 npiscentem
382 2013 518 2103 repleat
543 2009 693 2103 Spiritus
720 2005 853 2084 rannus
877 2011 959 2113 igne
982 2012 1154 2088 diviniori

132 2113 267 2205 ridquid
292 2113 351 2184 vel
371 2111 575 2208 materiale,
601 2109 662 2188 vel
677 2119 857 2185 terrenum
877 2111 1002 2203 fuerit,
1029 2113 1154 2190 demo.

132 2227 206 2286 ente
235 2212 267 2284 dt
294 2209 538 2285 consumente.
591 2206 639 2281 Et
667 2208 739 2284 loc
766 2229 842 2284 non
867 2225 1005 2287 tantum
1030 2214 1152 2305 ineo,

132 2317 155 2385 ti
178 2311 288 2406 ipsum
311 2308 510 2402 admiserit,
545 2305 732 2384 sedetiam
755 2311 789 2382 in
812 2331 879 2400 eo,
916 2316 973 2404 qui
1002 2315 1154 2389 audierit

134 2411 207 2486 sum
228 2412 411 2485 habentes.
461 2408 585 2482 Tanto
612 2423 731 2485 eutem
762 2406 812 2481 est
832 2431 888 2485 me
911 2413 1065 2506 fortior,
1092 2416 1153 2509 qui

132 2510 179 2583 2st
193 2531 250 2584 me
266 2523 442 2582 venturus
461 2505 525 2598 est,
544 2522 584 2580 ut
600 2527 646 2581 ne
666 2530 707 2579 ea
726 2508 879 2603 quidem,
901 2533 977 2604 quae
992 2515 1035 2587 ad
1050 2515 1155 2590 amic.

132 2631 175 2684 nn
191 2607 348 2702 spectant
361 2623 599 2681 extremarum
612 2608 868 2701 potentiarum,
884 2630 960 2700 quae
971 2609 1154 2691 suntcircr

137 2706 230 2802 sum,
257 2722 423 2801 portare,
451 2707 510 2779 vel
531 2709 589 2797 qui
605 2728 646 2778 ea
662 2703 853 2799 sustinent,
880 2707 975 2784 serre
996 2708 1056 2787 smr
1073 2716 1155 2791 ido·

132 2830 207 2883 tut:
234 2828 313 2883 cum
338 2806 480 2880 nonita
505 2804 598 2877 nuda
620 2803 806 2899 prostent,
833 2821 874 2881 ut
895 2829 936 2881 ea
954 2814 1056 2887 obvii
1077 2816 1154 2908 qui·
1234 2826 1236 2833 '

132 2929 170 2981 te
187 2909 386 3003 intelligere
405 2903 544 2998 ponne.
593 2903 707 3001 Igitur
723 2926 798 2979 non
813 2908 904 2981 novi
920 2924 1038 2987 utrum
1054 2917 1154 3009 prius

137 3028 215 3081 cam
229 3026 390 3080 meamne
409 3008 558 3079 multam
581 3005 884 3099 imbecillitatem,
912 3029 989 3101 quae
1006 3034 1052 3089 ne
1068 3016 1156 3093 vilia

132 3107 241 3181 tidem
266 3103 392 3179 Christi
418 3102 662 3200 (magnarum
685 3123 801 3179 rerum
823 3108 917 3180 circa
943 3107 1054 3204 ipsum
1082 3116 1157 3190 exi-

132 3208 267 3280 entium
284 3204 584 3298 comparatione)
600 3202 696 3276 ferre
715 3217 838 3296 queat,
866 3229 910 3282 an
930 3209 1155 3293 divinitatem

133 3307 193 3379 lius
212 3305 449 3395 eminentem,
477 3301 608 3403 &tote
625 3303 761 3376 mundo
782 3307 973 3401 majorem,
995 3316 1156 3403 quando.

133 3406 242 3477 tidem
260 3425 348 3500 ego,
375 3403 433 3496 qui
453 3414 586 3475 tantam
605 3402 728 3496 accepi
744 3407 912 3502 gratiam,
941 3425 981 3483 ut
1000 3416 1157 3509 prophe.

133 3526 151 3577 a
174 3504 299 3597 dignus
316 3506 456 3577 habitus
479 3501 627 3594 fuerim,
653 3523 731 3595 quae
752 3525 870 3579 meum
890 3511 1087 3589 adventurn
1110 3515 1155 3591 ad

133 3605 213 3675 itam
232 3604 413 3678 hominum
432 3601 662 3697 praediceret,
682 3602 751 3675 illis
769 3607 907 3679 verbis:
938 3607 1004 3703 Ego
1016 3616 1156 3689 vrx'cla.

133 3708 224 3774 antis
242 3707 278 3770 in
296 3702 430 3790 delerlm·
457 3699 509 3771 &2
537 3700 614 3773 Ecce
629 3724 676 3794 ego
693 3706 786 3774 mirre
801 3710 955 3779 nuncium
966 3736 1064 3785 meum
1078 3733 1157 3790 anre

133 3807 213 3874 niem
237 3816 344 3870 ruam.-
370 3798 472 3897 Ego,
499 3800 599 3893 cuius
624 3813 744 3873 ortum
770 3801 916 3879 Gabriel
937 3807 1072 3888 adstans
1093 3836 1157 3891 co·

133 3923 176 3975 lm
203 3901 303 3974 altari
330 3897 581 3974 admirabiliter
606 3902 858 3997 annunciavit,
883 3923 985 4000 patre
1006 3932 1091 3988 meo
1116 3918 1157 3990 in

133 3996 492 4101 nedluteexillentet
517 3995 621 4098 Ego,
642 4000 800 4096 ancujus
815 4023 951 4085 nomen
966 4006 1165 4087 Zacharias

685 4127 688 4137 ·
1036 4127 1141 4183 mr.
