2817 4575
246 375 263 464 ς
317 363 381 466 rra
420 381 716 487 Joannam
754 383 965 463 Tonsos
1001 383 1029 464 r.
1131 407 1203 483 ιη

88 543 95 556 ’
130 555 232 627 nitus
253 550 344 626 effici
369 550 445 644 ipso
471 562 587 645 dopo,
614 550 687 652 hoc
711 548 764 622 est
784 546 861 631 filio
880 550 972 641 Dei,
998 560 1107 640 etque
1127 548 1202 643 ipsa

130 653 298 743 ratione,
318 649 443 724 cundia
462 652 497 724 in
513 650 618 724 nobis
633 670 651 722 a
666 652 809 721 ratione
828 651 963 740 aliena,
981 661 1087 740 atque
1103 670 1199 721 mor·

130 749 373 824 tificationecn
391 749 521 842 ipsam,
547 765 722 842 quatenus
739 751 832 824 ratio
851 747 901 822 cst
918 749 950 820 &
967 746 1197 841 resurrectio,

129 849 332 924 abolente?
371 853 554 946 Quocirca
572 849 722 939 inspice,
741 872 785 922 an
807 847 1076 940 quodammodo
1091 848 1198 940 ipius

131 959 310 1042 quatenus
336 962 440 1045 nopae
464 950 570 1048 (hoc
591 948 640 1021 est
659 950 783 1045 ratio)
807 947 880 1040 est,
907 947 1099 1039 participes
1128 947 1197 1021 sint
1246 959 1264 982 “·

130 1071 261 1124 ornnes
281 1053 456 1123 homines.
510 1050 636 1143 Itaque
658 1069 738 1122 eum
765 1052 872 1141 queri
899 1068 974 1121 non
994 1061 1095 1118 extra
1113 1068 1195 1142 eos,

130 1150 190 1242 qui
219 1165 402 1240 querunt,
430 1153 473 1221 ab
495 1150 555 1235 iis,
583 1152 642 1241 qui
670 1170 749 1221 eum
775 1150 942 1222 invenire
961 1145 1195 1228 constituant,

129 1270 199 1328 nos
217 1251 329 1321 docet
349 1248 568 1344 Apostolus,
595 1252 717 1322 dicens
729 1272 745 1333 ε,
765 1251 819 1322 Ne
836 1251 954 1319 dixeris
971 1254 1008 1316 in
1022 1250 1109 1319 corde
1125 1262 1192 1334 ruo,

129 1353 216 1446 Quis
233 1349 371 1438 ascendet
390 1357 426 1419 iu
442 1351 570 1421 caedrum?
595 1352 649 1420 hoc
666 1350 704 1436 eli
727 1351 880 1445 Claudium
897 1375 935 1420 ex
952 1350 1017 1418 olto
1035 1348 1193 1418 deducere:

129 1468 208 1538 aut,
235 1454 322 1542 Quis
342 1450 497 1539 descendet
514 1456 549 1519 in
564 1443 726 1543 edulium?
751 1449 859 1545 hoccfl
881 1450 1036 1546 Chriflum
1053 1472 1090 1521 ex
1110 1471 1194 1519 mor·

130 1555 196 1622 duis
226 1555 376 1623 reducere.
430 1553 491 1620 Sed
510 1553 584 1647 quid
608 1554 687 1623 dicit
710 1537 900 1644 Scriptura?
952 1552 1045 1643 Prope
1065 1564 1096 1618 de
1117 1572 1191 1618 ver-

122 1650 202 1722 dum
224 1651 263 1747 efl
284 1650 592 1740 valdemarum,
620 1657 658 1726 (d
677 1655 713 1717 in
729 1652 814 1721 corde
835 1667 910 1739 duo,
936 1647 1086 1741 perinde
1105 1646 1192 1721 acsi
1268 1726 1275 1739 ,

128 1751 201 1842 ipse
232 1748 389 1823 Christus
421 1753 528 1826 etiam
557 1748 643 1821 effet
677 1752 850 1840 verbum,
881 1746 978 1842 quod
1009 1748 1189 1839 quaeritur.

130 1853 229 1950 Quin
253 1852 359 1923 etiarn
377 1849 521 1940 qnando
542 1847 614 1941 ipse
633 1848 813 1922 Dominus
831 1850 1010 1940 loquitur:
1037 1848 1112 1939 Nifi
1134 1872 1192 1917 oe·

85 1973 90 2050 ς
129 1948 237 2044 uellem
259 1951 296 2026 (5
322 1950 474 2048 loquutus
495 1948 624 2043 fuissem
652 1953 717 2031 eis,
748 1966 905 2045 peccorum
930 1971 993 2017 non
1022 1947 1191 2020 haberent:

128 2076 215 2124 nunc
228 2067 334 2146 eutem
352 2075 415 2120 nau
431 2051 568 2139 habent,
585 2050 662 2147 quod
675 2066 857 2146 prerexaue
867 2065 987 2144 peccato
999 2049 1075 2139 [u03
1100 2045 1192 2119 nihil

130 2149 223 2223 aliud
249 2150 519 2245 intelligendum
546 2151 597 2223 est
620 2163 745 2244 uapor,
771 2148 878 2246 (hoc
905 2142 1191 2240 cierationem)
1217 2152 1219 2156 ’

129 2251 270 2338 dicere,
299 2271 506 2342 quomens,
533 2251 659 2343 quibus
679 2247 839 2324 nondum
856 2260 961 2344 λογος
984 2245 1047 2342 (id
1068 2245 1121 2318 est
1137 2263 1193 2318 ra·

129 2355 208 2441 tio)
231 2353 412 2442 compieta
437 2351 505 2433 est,
533 2367 722 2444 peccatum
745 2370 820 2424 non
845 2350 1002 2437 habere,
1028 2345 1192 2419 sedilios

130 2465 268 2525 tantum
285 2467 437 2542 peccato
459 2452 643 2524 obnoxios
663 2449 755 2543 effe,
783 2450 841 2540 qui
860 2447 1052 2542 participes
1073 2442 1193 2521 effedii

130 2547 199 2646 iam
218 2549 324 2642 ipisus
347 2550 518 2641 rationis,
547 2566 655 2647 agunt
678 2565 807 2641 praeter
833 2552 1016 2637 rationes,
1042 2568 1088 2618 ex
1115 2545 1192 2634 qui·

129 2653 192 2724 bus
211 2650 288 2727 haec
307 2653 399 2720 ratio
427 2652 463 2722 in
489 2652 593 2722 nobis
620 2651 842 2741 completur,
868 2650 905 2720 in
930 2668 1032 2738 quem
1056 2643 1191 2716 sensum

130 2763 268 2849 tantona
290 2770 414 2822 verum
433 2741 484 2822 est
500 2751 606 2821 iliud:
634 2751 707 2844 Nifi
725 2746 874 2842 ueocffim
891 2745 1092 2842 &loquutus
1107 2741 1192 2833 suis·

127 2851 186 2941 dm
214 2856 281 2935 eir,
307 2867 464 2944 peccatum
490 2875 564 2923 ooo,
583 2850 746 2920 habereut.
807 2845 886 2944 Age
915 2848 1009 2918 enirn
1034 2845 1080 2916 de
1107 2840 1191 2937 Jesu

132 2948 347 3042 aspediabiii‚
375 2949 452 3046 (ut
471 2954 635 3045 vulgares
654 2947 936 3038 existimabunt)
962 2947 1035 3019 hoe
1059 2962 1193 3035 expen-

100 3124 104 3135 ,
133 3052 254 3141 dator,
279 3050 466 3140 quomodo
490 3047 557 3146 jam
584 3069 711 3123 verum
736 3049 777 3120 fit
798 3067 890 3140 eos,
925 3045 969 3117 ad
996 3063 1087 3135 qaros
1113 3061 1190 3115 non

106 3158 116 3185 ·
133 3150 296 3240 venerit,
311 3169 387 3221 non
405 3151 538 3222 habere
555 3162 757 3242 peccatum.
792 3145 958 3238 Namque
975 3164 1113 3232 omnes,
1129 3143 1191 3232 qui
1307 3206 1312 3217 .

133 3248 265 3323 fuerint
280 3262 363 3320 ante
383 3248 585 3331 Servatoris
604 3249 821 3337 aduentum,
850 3247 892 3320 ab
914 3246 1012 3318 omni
1035 3258 1188 3335 peccato

132 3349 305 3423 inmunes
326 3346 437 3420 futuri
458 3350 559 3440 sont,
586 3348 754 3440 quoniam
777 3365 853 3419 non
875 3346 1018 3418 venerit
1040 3338 1191 3433 aspedia-

134 3450 210 3546 biiis
227 3446 333 3545 juxta
347 3468 488 3522 carnem
502 3447 612 3545 Jesus.
666 3447 764 3542 Quin
780 3448 885 3536 eniam
904 3462 1044 3531 omnes,
1063 3440 1191 3530 naribus

134 3549 174 3623 de
197 3570 246 3622 eo
272 3547 481 3624 nunciatum
507 3569 584 3622 non
606 3546 737 3631 fuerit,¹
768 3563 954 3638 peccatum
982 3563 1057 3613 non
1086 3536 1193 3616 habe·

133 3650 232 3723 bunt.
268 3645 378 3721 Unde
398 3663 521 3740 aperte
536 3647 692 3739 sequitur
708 3647 814 3718 etiarn
831 3659 1017 3736 peccatum
1037 3657 1112 3712 non
1130 3638 1192 3710 ha-

133 3740 280 3842 bentes,
309 3747 604 3829 condemnationi
633 3766 708 3817 non
736 3745 868 3837 subjici.
924 3744 975 3813 At
996 3753 1099 3835 nopae
1125 3735 1192 3832 (id

135 3848 182 3923 est
197 3842 353 3941 ratio),
380 3867 456 3939 que
476 3848 525 3922 est
545 3849 581 3920 in
601 3846 826 3922 hominibus,
853 3843 953 3932 cujus
980 3839 1194 3934 participare

136 3968 242 4045 genos
267 3942 432 4022 nostrum
457 3949 630 4040 diximus,
657 3945 816 4019 bifariam
838 3943 985 4024 dicitur3
1005 3941 1072 4015 vel
1096 3934 1196 4033 iuxta

137 4050 454 4149 conplementum,
471 4048 567 4144 quod
584 4045 684 4230 omffi
701 4043 808 4146 inest,
823 4045 886 4143 qui
900 4042 1220 4209 pneriiemngnzs·

187 4198 207 4209 ··
570 4208 573 4212 .
680 4162 721 4251 '3
939 4248 948 4263 ι
1054 4156 1175 4227 ceni
1202 4173 1206 4179 -
