2817 4575
336 361 400 440 ru
437 357 974 462 Jonuuemromus
1000 361 1063 464 511.
1104 350 1225 462 ἠ,
1297 341 1300 352 ’

161 550 182 605 a
207 527 296 606 Deo
321 527 507 616 aberrant,
533 536 781 596 verumtamen
806 542 932 598 errore
950 526 1059 620 longe
1082 527 1227 619 precel-

160 630 251 706 lenti
270 625 600 722 praestantiumque,
617 642 721 714 quam
740 643 880 715 eorum,
895 627 954 716 qui
969 640 1107 704 vocant
1120 624 1227 702 Deos

134 739 138 744 '
163 749 279 823 opera
299 745 465 806 manuum
482 724 690 813 hominum,
714 722 888 796 aurum&
908 740 1113 820 argentum,
1141 713 1227 800 artis

162 828 468 924 excogitationes.
520 822 571 893 At
590 823 753 912 ¹omnium
776 822 891 895 ultimi
918 822 1018 914 sunt,
1044 826 1103 917 qui
1119 823 1229 904 dicati

163 928 247 1002 sunt
257 927 327 1016 his,
345 924 405 1015 qui
417 924 477 995 Dii
495 920 637 1015 quidem
649 922 833 1015 dicuntur,
848 923 1119 1016 haudquaquam
1134 941 1229 998 vero

134 1019 138 1034 '
165 1028 258 1103 sunt.
294 1025 462 1098 Similiter
478 1022 584 1117 igitur
598 1022 704 1112 aliqui
725 1023 940 1115 participant
958 1026 1100 1114 quidem
1122 1025 1229 1119 ipsrus

159 1133 261 1223 'hope
282 1122 349 1221 (id
367 1120 418 1197 est
436 1124 583 1194 rationis
602 1120 677 1195 slve
694 1120 907 1212 sermonis),
934 1124 1062 1217 quiest
1080 1126 1117 1198 in
1134 1126 1232 1219 priu·
1262 1143 1280 1190 ·.

167 1229 267 1323 cipio
279 1279 307 1312 ,,
333 1224 368 1296 ui
384 1220 436 1297 est
450 1223 541 1315 apud
557 1218 691 1311 Deum,
709 1223 766 1312 qui
785 1220 835 1295 est
854 1220 974 1314 Deus,
988 1222 1231 1316 velutOseas,

168 1326 417 1420 &Jeremiss,
444 1318 633 1414 &Esaias,
659 1320 693 1392 u
716 1322 819 1412 siquis
843 1322 929 1395 alius
953 1324 1060 1398 talem
1082 1321 1233 1420 seipsum

169 1426 354 1516 exhibuit,
379 1439 421 1495 ut
437 1419 553 1494 sermo
574 1419 744 1500 Domini,
770 1423 831 1493 vel
849 1419 964 1495 sermo
987 1425 1029 1494 ad
1049 1422 1083 1497 se
1102 1413 1232 1512 lieret}

172 1525 231 1614 alii
257 1545 374 1614 vero,
401 1523 459 1611 qui
480 1520 570 1594 nihil
595 1518 731 1612 sciunt,
764 1521 827 1594 nih
852 1521 971 1617 Jesum
995 1522 1171 1598 Christum
1199 1521 1234 1594 ἁ

165 1630 270 1703 hunc
288 1616 511 1712 crucifixum,
524 1619 868 1695 tantumsecundum
879 1642 1020 1696 carnem
1034 1621 1234 1721 agnoscunt

173 1723 364 1813 Christum,
381 1719 620 1793 existimantes
636 1717 672 1790 se
686 1719 818 1792 habere
837 1723 986 1815 amplius
1003 1721 1091 1797 nihil
1109 1724 1154 1797 de
1166 1721 1236 1796 ser·

174 1847 307 1917 mone,
332 1819 394 1897 nist
412 1818 510 1913 quod
531 1837 616 1891 caro
632 1816 743 1893 satius
765 1818 835 1892 est:
862 1823 1061 1912 cujusmodi
1079 1822 1129 1898 eil
1146 1821 1236 1908 mul·

174 1927 296 2000 titudo
321 1941 470 2011 eorum,
499 1918 558 2010 qui
582 1918 729 2014 credere
750 1932 933 2010 putantur.
983 1923 1061 2018 Jam
1080 1922 1179 1994 tertii
1202 1918 1241 2010 se,

175 2023 396 2102 sermonibus
415 2018 670 2109 aliquantulum
686 2017 786 2091 illum
804 2014 1239 2114 sermonem'particlpan·

176 2128 272 2199 tibus
300 2121 571 2213 applicuerunt,
598 2115 749 2210 perinde
772 2118 866 2208 quasi
891 2109 1071 2194 sermones
1090 2121 1142 2194 illi
1160 2139 1239 2194 om·
1333 2145 1336 2172 .=

176 2246 259 2301 nem
281 2221 483 2297 lermonem
509 2217 729 2311 praecellant.
781 2215 830 2290 Et
853 2215 953 2292 forte
975 2221 1012 2319 hi
1038 2218 1142 2314 sunt,
1177 2216 1241 2320 qui

178 2326 365 2419 praeclaras
386 2321 424 2392 in
448 2314 697 2412 Philosophia,
724 2316 757 2389 dt
784 2316 986 2411 prestantes
1009 2317 1116 2394 sestas
1140 2316 1240 2412 raptres

180 2423 345 2501 Gentiles
370 2432 554 2495 exercent.
606 2418 750 2511 Quarto
768 2438 860 2491 vero
879 2421 967 2493 loco
986 2423 1029 2492 ab
1048 2422 1101 2494 his
1119 2439 1242 2495 nunte-

179 2524 278 2599 randi
300 2520 379 2595 sunt
403 2518 477 2596 illi,
504 2519 563 2607 qui
586 2514 807 2589 sermonibus
828 2518 973 2613 prorsus
998 2515 1179 2611 corruptis
1205 2517 1242 2592 dr

180 2625 296 2719 impiis
318 2618 574 2707 crediderunt,
602 2616 828 2707 evidentem,
855 2618 996 2696 acsere
1020 2618 1081 2692 sub
1105 2618 1243 2693 sensum

130 2770 135 2803 ι
182 2725 372 2814 cadentem
397 2720 441 2791 de
467 2715 587 2789 medio
611 2717 783 2814 tollentes
809 2717 1096 2812 providentiam,
1122 2718 1245 2793 aliuut-

184 2844 252 2915 que
269 2818 378 2895 linem
395 2817 602 2910 quemdam,
630 2831 758 2906 praeter
775 2817 912 2890 bonum
931 2816 1170 2895 honestumve
1186 2837 1246 2908 ap:

183 2924 392 3017 probantes.
443 2913 600 3013 Quodsi
628 2915 764 3012 digredi
792 2913 854 2987 viss
882 2912 1019 2993 sumus,
1051 2916 1245 2999 commode

184 3038 305 3099 tamen
322 3019 364 3092 id
389 3014 510 3089 fecille
533 3034 671 3108 remur,
700 3012 938 3107 &apposite,
964 3014 1129 3090 nimirum
1147 3014 1247 3115 quod

185 3122 226 3195 ad
244 3120 317 3193 Dei
336 3137 468 3191 nomen
485 3116 635 3205 attinet,
660 3133 718 3186 res
735 3127 890 3203 quatuor
911 3113 949 3186 in
971 3134 1018 3186 eo
1045 3114 1249 3209 inspebluri,

187 3217 383 3294 &totidem
395 3220 431 3288 in
446 3215 592 3288 nomine
608 3224 714 3306 >toque
730 3212 815 3303 (qui
833 3210 885 3285 est
903 3214 995 3286 ratio
1013 3212 1086 3288 five
1104 3211 1259 3299 sermo).-

186 3318 273 3392 Erat
290 3317 385 3390 enim
405 3315 504 3386 Deus
523 3333 603 3387 cum
621 3314 800 3402 articulo,
827 3311 979 3386 &Deus
994 3314 1065 3387 sme
1080 3314 1249 3407 articulo,
1331 3328 1334 3335 ·

188 3416 316 3494 deinde
337 3416 399 3489 Dii
413 3414 614 3505 dupliciter.
664 3413 861 3509 (Quorum
876 3414 1064 3486 meliorem
1083 3413 1250 3487 ordinem

189 3520 292 3593 Deus
318 3515 481 3588 Verbum
510 3512 672 3603 superat,
698 3533 719 3582 a
745 3510 828 3584 Deo
849 3530 966 3586 rerum
992 3513 1149 3586 omnium
1177 3513 1252 3606 ipse

190 3618 384 3713 superatus.
438 3611 487 3684 Et
506 3609 641 3683 rursum
667 3622 744 3683 erat
765 3604 781 3684 ὁ
803 3622 929 3706 noque,
957 3610 1106 3686 fortalhs
1123 3613 1253 3689 'autem

192 3721 374 3810 ἄλογος,
400 3713 528 3786 eodem
552 3709 664 3785 modo
686 3730 759 3803 quo
778 3706 795 3785 ὁ
812 3718 895 3797 (usos
917 3711 1058 3797 διΘεος.
1108 3712 1256 3786 Verbo·

192 3838 269 3892 rum
289 3811 395 3888 etiam
414 3812 487 3884 duo
505 3808 585 3882 sunt
600 3830 745 3904 genera,
758 3830 923 3905 ,quorum
940 3809 1092 3885 humana
1107 3812 1257 3906 propria

197 3919 276 3992 sunt
291 3914 359 3988 alia
376 3910 517 4004 quidem
534 3909 668 4002 Patris,
695 3910 794 4002 quod
807 3910 883 4001 ejus
903 3910 1134 4003 partessmt,
1154 3910 1256 3985 &his

200 4014 349 4096 mirina
359 4067 373 4112 ,
399 4030 477 4107 quae
494 4030 590 4089 nunc
604 4010 755 4087 verbum
774 4010 931 4110 apertius
947 4011 983 4086 de
997 4000 1276 4109 planiusnotiu·

1035 4112 1250 4208 explanet,
