2817 4575
260 329 325 408 rrt
363 321 660 424 totu-nrm
696 321 909 436 potrus
948 323 1022 401 vr.
1081 345 1153 422 ³¹3

146 515 236 564 *rm
255 495 358 564 docuit
368 490 484 584 fugere
497 515 518 562 ι
532 505 677 562 venturu
695 482 776 562 ira?
806 493 932 560 ‘Facite
948 493 1051 582 igitur
1062 490 1157 582 frur-

146 595 315 686 :iignnm
334 596 543 689 punitentia.
596 589 683 662 Haec
707 589 801 662 enim
829 591 921 681 apud
944 590 1158 668 Machaon
1270 675 1273 684 ,

146 711 186 766 ra
204 691 284 766 sunt
305 715 324 764 a
348 689 520 782 Baptista,
547 709 628 762 cum
651 686 792 762 vidiffet
815 689 950 762 multos
967 689 1160 770 Pharisaeoz

146 791 513 867 nbrSadducaeorum
531 791 720 864 venientes
735 788 778 862 ad
792 790 984 882 baptisma:
1013 791 1159 870 cum-vi·
1229 785 1232 792 ’
1276 823 1278 832 ·

146 893 228 966 icet
244 891 460 986 penitentie
477 887 611 962 fruitur
630 908 705 960 non
723 886 916 976 heberent,
945 903 1056 980 atque
1069 891 1159 972 Pha?
1262 917 1265 930 ·

146 994 217 1068 tice
233 992 327 1086 apud
339 986 469 1081 seipsos
482 990 722 1084 gloriarentur
738 987 783 1061 de
796 988 974 1062 Abraham
991 1003 1160 1081 tunquam

145 1112 216 1166 ue:
241 1092 414 1182 quocirca
438 1086 563 1170 saevius
583 1088 821 1181 objurgantur
841 1109 860 1160 a
879 1088 1021 1181 Joanne
1042 1093 1160 1168 zelum

145 1213 181 1266 ε
200 1191 358 1272 habente
372 1190 474 1279 juxta
492 1189 859 1282 communicationem
877 1185 1027 1280 Spiritus
1042 1187 1160 1267 santii.

145 1291 336 1388 ‚jurgativa
356 1289 450 1362 enim
468 1289 590 1362 oratio
610 1285 660 1360 est
681 1289 763 1379 iila,
792 1309 869 1378 quae
887 1290 1020 1378 inquit:
1047 1295 1100 1364 Ne
1116 1316 1162 1360 co·

145 1401 204 1464 eris
225 1393 326 1462 dicere
341 1391 423 1483 apud
442 1412 499 1458 vor
521 1390 620 1484 ipsus:
660 1391 786 1458 Patrem
809 1389 954 1460 habemur
976 1391 1163 1466 Abraham.
1258 1447 1262 1462 .

145 1489 303 1568 iascalica
325 1503 444 1562 autem
470 1487 552 1581 ilia,
578 1488 676 1578 quod
702 1484 865 1564 infideles
887 1488 972 1584 (ob
994 1510 1059 1564 cor
1077 1492 1162 1584 lapi·

145 1613 200 1666 rm
217 1585 479 1681 lapideadicti)
493 1588 670 1662 immutari
691 1586 820 1678 possint
836 1589 973 1662 virtute
992 1592 1085 1682 Dei,
1113 1613 1160 1666 ex

146 1690 271 1766 idibus
289 1688 325 1760 in
344 1689 478 1760 liberor
495 1689 672 1775 Abrabae,
701 1689 869 1777 quoniam
893 1707 993 1762 erant
1017 1694 1052 1764 in
1077 1712 1163 1770 ocu·

146 1789 371 1882 Prophetae,
397 1807 473 1859 non
488 1787 666 1881 fugientes
682 1787 775 1858 iliius
795 1787 960 1876 ¹divinum
982 1793 1164 1874 obtutum,
1253 1828 1258 1838 ·

144 1911 216 1964 tam
234 1890 285 1964 ob
302 1884 438 1962 causam
455 1887 542 1962 iilud
560 1884 695 1977 abipso
712 1885 856 1976 dicitur:
888 1894 968 1960 Dim
984 1893 1073 1963 vobis
1084 1891 1164 1988 P‘ffl

144 2015 204 2062 trm
221 1987 405 2083 elapidr'bur
424 1985 490 2085 estis
503 1985 658 2075 suscitare
675 1982 786 2056 liberos
803 1986 951 2082 Abrnhae.
1006 1989 1054 2063 Et
1073 2011 1162 2088 quo·¹

148 2109 188 2166 m
214 2097 294 2162 curn
320 2107 396 2158 non
422 2084 585 2158 feciiient
605 2085 757 2159 frutium
775 2087 984 2177 poenitentia
1000 2091 1163 2185 dignum,

144 2192 255 2263 niunt
269 2188 311 2259 ad
330 2187 525 2279 baptisma,
554 2187 885 2261 convenientissime
905 2189 985 2281 ipsis
1004 2191 1092 2264 iilud
1113 2191 1166 2263 uic

144 2309 214 2364 urt
247 2292 328 2386 Jam
348 2313 424 2357 vero
443 2290 479 2361 (i
498 2289 610 2371 (terris
631 2292 671 2357 uti
688 2292 820 2357 radicem
839 2292 985 2359 arborum
1000 2294 1097 2388 postia
1111 2293 1164 2390 ufta

144 2395 211 2471 mir
229 2393 328 2482 igitur
348 2390 440 2458 arbor
461 2414 528 2457 non
541 2387 665 2479 satiem
680 2387 826 2475 {ratium
841 2391 970 2476 bonum,
996 2396 1166 2485 exciditur,
1183 2472 1189 2485 .
1243 2390 1247 2397 ¹

153 2498 195 2561 in
214 2494 312 2581 ignem
329 2493 521 2584 conjicitur3
537 2489 650 2563 veluti
666 2488 746 2577 ipis
764 2505 887 2581 aperte
904 2491 1045 2571 dicens:
1062 2488 1165 2593 Quo·

143 2612 192 2667 tm
210 2587 358 2663 venistis
374 2587 417 2661 ad
435 2589 671 2679 baptismum,
699 2609 779 2659 cum
796 2610 872 2661 non
894 2590 1052 2673 feceritis
1073 2594 1167 2691 fruc·

143 2714 173 2765 n
197 2690 437 2781 peonitentia,
466 2690 573 2760 arbor
588 2684 667 2757 estis
688 2708 763 2758 non
780 2687 915 2760 faciens
936 2690 1087 2767 fructum
1103 2694 1169 2767 bo·-

149 2813 213 2881 m,
241 2788 437 2859 excidenda
462 2787 505 2858 ab
531 2784 719 2859 acutiffima
747 2788 781 2857 u
807 2787 1011 2862 vaiidiffima
1031 2792 1168 2884 securi,¹
1309 2842 1311 2853 ·

144 2910 236 2981 mpe
251 2908 270 2961 a
286 2888 461 2959 Sermone
479 2889 651 2982 vivente,
670 2886 707 2962 δι
726 2885 875 2979 efficaci,
900 2891 959 2980 qui
977 2908 1166 2982 penetrari·

143 3010 177 3061 >r
200 2984 252 3061 est
268 2987 398 3076 quovis
421 2986 540 3081 gladio
558 2990 726 3077 utrinque
741 2988 937 3065 incidente.
991 2990 1170 3086 Caererum'

143 3084 354 3167 tarisaeorum
374 3086 418 3156 de
436 3084 469 3157 se
485 3086 775 3178 praedicationem
797 3090 971 3183 produxit
995 3091 1112 3171 Lucae
1131 3094 1167 3169 in

143 3190 284 3275 edium,
312 3207 376 3278 per
397 3187 520 3258 ilittdz.
542 3189 615 3257 Duo
634 3188 775 3256 homines
794 3190 997 3276 ascenderunt
1019 3198 1054 3259 in
1081 3182 1168 3265 ‘I'err-¹
1266 3202 1269 3211 '

142 3314 211 3375 rm,
239 3302 276 3354 ut
298 3306 525 3381 precarentur:
551 3312 635 3354 urrur
659 3287 830 3376 Pharrsaertr
855 3286 895 3364 U
919 3293 1001 3361 ulter
1028 3294 1169 3363 Publicu-

142 3414 179 3462 tr.
236 3388 410 3470 Pharisaeur
429 3388 518 3481 stum
536 3389 598 3455 har
612 3392 692 3479 apud
703 3388 737 3475 se
752 3389 880 3459 crubuit
913 3394 1021 3474 Deus,
1043 3392 1169 3484 gratiae

142 3517 155 3559 r
187 3487 265 3568 ribi,
294 3490 370 3579 quod
388 3512 451 3554 nun
475 3486 540 3571 sum
560 3488 664 3583 quoles
689 3493 793 3558 caterr'
817 3491 977 3578 homines,
1003 3509 1169 3587 raptaretp

142 3589 239 3684 justi,
267 3588 422 3670 adulteri,
449 3588 550 3681 qualis
569 3591 662 3657 etiam
681 3590 732 3659 hic
755 3589 956 3672 Publicanur.
1009 3592 1169 3690 Quando
1269 3602 1272 3609 ’

148 3706 258 3779 optcr
285 3690 360 3758 haec
389 3688 499 3767 verba
520 3684 735 3775 Publicanos
762 3692 880 3759 domum
900 3692 991 3777 suam
1019 3692 1171 3780 descendit

142 3790 290 3877 {instratus
317 3793 432 3879 rtrugr'r,
458 3810 551 3881 quum
579 3788 658 3870 illei
694 3788 834 3861 additur
861 3792 991 3879 eiiam,
1027 3812 1171 3867 Omnem

142 3888 324 3959 mirantem
344 3885 397 3961 se.
418 3887 601 3962 humiliari.
635 3886 689 3959 Ut
705 3889 905 3983 hypocrite
923 3892 1028 3986 igitur
1042 3890 1062 3984 (
1067 3894 1172 3983 juxta

141 3991 313 4067 :tvatorir
340 3987 384 4063 td
405 3986 499 4085 ipsos
524 3988 770 4081 objurgatoria
797 3990 936 4090 verba)
959 3992 1115 4069 veniunt
1127 3992 1172 4062 ad

586 4087 670 4187 Ur
937 4092 1146 4193 baptisma
