2817 4575
345 324 409 400 IN
446 324 744 424 JOANNEM
781 323 985 399 TOMUS
1022 324 1093 402 VI.
1160 349 1230 423 327

169 483 421 567 Pharisaeorum
444 488 724 570 addubitantium
750 508 859 580 quare
880 489 1052 578 baptizet.
1104 485 1229 564 Tradi-

170 585 285 661 dimus
305 588 410 659 etiam
432 585 623 661 Pharisaeos
644 586 724 680 post
743 588 1064 682 interrogationem
1084 581 1227 681 profer·

169 701 230 758 tos
251 684 372 769 fuisse,
398 700 438 763 ut
453 687 731 780 baptizarentur.
767 685 922 762 Proinde
938 687 1041 770 vide,
1066 707 1113 759 ne
1129 681 1227 763 forte
1261 777 1265 785 1

118 850 126 857 .
168 784 303 884 Judaei,
332 785 391 875 qui
410 799 493 861 ante
506 783 699 860 Pharisaeos
714 786 879 861 miserant
895 788 938 858 ab
950 784 1226 880 Hierosolymis,

166 882 308 965 admissa
323 886 474 988 Joannis
492 887 684 980 oratione,
712 887 793 978 quia
808 886 946 981 priores
966 883 1142 958 Pharisaeis
1161 887 1225 960 mi·

165 981 299 1073 serint,
326 985 466 1072 priores
490 986 597 1072 etiarn
624 985 781 1060 veniant.
832 983 1084 1078 Hierosolyma
1110 987 1223 1074 enim,
1268 981 1271 994 ‘

164 1081 200 1154 oz
218 1081 456 1178 totaJudaea,
484 1083 798 1182 &consequenter
818 1086 934 1158 omnis
954 1087 1055 1178 regio
1074 1085 1223 1179 Jordsni

163 1178 314 1259 finitima
334 1181 607 1282 baptizabantur
616 1186 659 1276 ab
675 1182 751 1279 ipso
770 1184 806 1257 in
820 1182 978 1279 Jordane
988 1183 1118 1275 fluvio,
1136 1205 1228 1262 con.

165 1277 311 1364 fitentes
334 1289 483 1378 peccata
509 1279 586 1370 suar
613 1285 695 1376 vei,
723 1297 764 1357 ut
778 1282 896 1367 Lucas
916 1283 1049 1380 inquit:
1078 1285 1222 1378 Egredie-

133 1449 137 1464 ,
167 1382 264 1453 batur
279 1382 320 1461 ad
335 1383 434 1476 ipsum
449 1400 519 1455 toto
536 1387 657 1480 Juda'ae
674 1390 765 1480 regio,
784 1384 824 1460 σ
846 1385 1094 1486 Hierosolymirae
1105 1408 1222 1477 omnes,
1268 1384 1271 1389 ’

165 1479 206 1557 U
228 1480 479 1578 baptizabantur
501 1485 540 1552 ab
562 1488 624 1579 ipso
647 1489 685 1553 irs
713 1484 858 1581 Jordana
875 1482 1006 1581 fluuio,
1040 1484 1223 1575 confitentes
1289 1494 1292 1499 '

158 1597 283 1678 peccata
301 1582 368 1668 [aa.
422 1580 598 1667 Caeterum
620 1603 738 1682 neque
759 1581 953 1666 Mattheus
976 1579 1162 1665 Pharisaeos
1188 1582 1222 1655 u

162 1679 401 1771 sadduceos,
426 1681 553 1773 quibus
570 1682 721 1762 dicitur:
751 1686 909 1776 Progenies
924 1690 1132 1778 viperarum,
1158 1702 1223 1755 ne·

163 1801 235 1873 que
253 1779 370 1863 Luras
398 1785 518 1862 turbas
542 1783 692 1868 eandem
712 1783 995 1885 increpationem
1020 1779 1150 1863 audiss'e
1172 1782 1223 1855 in·
1285 1799 1288 1808 ’

163 1881 301 1953 ducunt
319 1875 539 1958 confitentes
562 1895 713 1972 peccata
734 1879 803 1964 sua,
852 1879 944 1960 lllud
970 1900 1063 1953 vero
1084 1881 1223 1956 dubita·

162 1980 267 2052 tione
290 1979 433 2074 dignum
454 1977 525 2071 est,
552 1980 742 2072 quomodo
761 1999 845 2068 cum,
863 1992 942 2052 tota
962 1978 1222 2072 Hierosolymi-

163 2094 278 2162 tarum
301 2081 405 2170 urbs,
442 2079 577 2153 &tota
600 2078 746 2176 Juuea,
778 2075 813 2153 ἃ
837 2090 917 2152 tota
944 2078 1046 2177 regio
1071 2077 1220 2183 Jordani

161 2175 311 2264 finitima
330 2180 596 2271 baptizarentur
618 2179 654 2254 in
676 2177 880 2274 Jordane'a
900 2179 1066 2282 Joanne,
1092 2177 1221 2250 Serva·

162 2294 223 2359 tor
241 2278 355 2362 dicat:
388 2282 487 2351 Venit
506 2282 651 2378 Joarmss
668 2279 809 2377 Baptista
826 2287 926 2378 neque
945 2280 1148 2366 manducans,
1162 2303 1221 2347 ne.

162 2404 221 2476 qus
233 2378 354 2467 bibens,
380 2378 561 2465 bituris,-
591 2384 788 2451 Dermostr'um
805 2379 918 2450 babes:
945 2378 1219 2474 &interrogan-

164 2479 277 2561 tibus;
305 2481 345 2552 sn
361 2504 423 2576 qua
434 2478 582 2581 potestate
601 2478 666 2555 isac
681 2475 796 2571 facis?
820 2475 926 2563 dicit;
954 2479 1154 2579 interrogabo
1179 2476 1218 2554 (5

161 2603 211 2673 ego
223 2602 279 2649 uos
294 2603 396 2661 unum
413 2576 561 2665 uerbenis
607 2578 700 2675 uodfi
714 2580 863 2655 dixeritis
880 2578 962 2653 miii
971 2630 982 2664 ‚
1007 2580 1108 2655 dicam
1123 2583 1220 2651 stiam

162 2702 211 2773 ega
231 2677 342 2771 vobis,
367 2684 405 2748 r‘rs
423 2703 486 2776 qua
503 2604 650 2786 paralisis
666 2680 728 2757 stac
738 2677 847 2771 facis:
874 2680 1054 2771 Baptismus
1076 2678 1220 2775 Jrannis

165 2779 249 2849 unda
263 2771 357 2858 erat.²
383 2780 505 2869 ecoelo,
527 2803 625 2860 arser
640 2773 846 2857 bominibus?
871 2775 1067 2879 quando&
1087 2774 1220 2870 discep-

163 2890 282 2957 tantes
303 2878 495 2970 inquiuntr
531 2882 572 2961 Si
591 2881 792 2965 dixerimus,
817 2901 833 2948 e
852 2878 943 2967 ceria,
970 2876 1076 2946 dicer.-
1110 2878 1220 2970 Quare
1267 2872 1275 2895 '

163 3002 230 3049 rson
253 2977 422 3158 credidgsis
441 2972 521 3062 isi?
531 3052 534 3057 .
569 2975 639 3061 Sed
657 2974 810 3061 solvitur
824 2975 922 3055 hunc
937 2976 973 3048 in
991 2974 1137 3053 modum
1158 2975 1221 3048 du-

163 3077 314 3159 bitatio;
379 3073 530 3170 hausei,
556 3090 725 3159 utentes
752 3073 1042 3164 observavimus,
1076 3075 1134 3165 qui
1161 3092 1219 3146 au·

164 3179 325 3268 dierant,
358 3178 517 3269 Progenies
529 3180 731 3274 viperarum,
747 3195 817 3248 nee
834 3174 884 3248 ini
900 3173 1150 3262 erediderunt,
1165 3192 1220 3245 aa·

156 3277 298 3371 ¹redunt
323 3277 365 3359 ad
388 3277 622 3367 baptismum,
648 3278 841 3366 timentes,
866 3275 919 3351 uti
936 3273 1124 3370 probabile
1149 3271 1220 3365 est,

166 3376 326 3465 turbam,
352 3388 460 3465 arque
475 3390 626 3469 propter
640 3376 722 3457 illos
739 3374 897 3457 fimulate
910 3374 1079 3448 volentes
1094 3372 1222 3459 lavari,

166 3499 214 3561 ne
238 3489 298 3548 tot
318 3476 522 3558 bominibus
549 3473 728 3555 adversari
744 3475 966 3549 viderentur.
1016 3469 1223 3551 sentientes

166 3577 273 3673 igitur
290 3573 399 3667 ipsum
421 3576 466 3646 ab
492 3576 717 3666 hominibus,
745 3594 819 3646 non
843 3568 974 3644 eroeio
989 3571 1120 3644 habere
1138 3571 1223 3662 bap·
1283 3608 1285 3612 ·

159 3679 330 3765 rismum,
352 3676 479 3755 timent
495 3673 592 3766 quod
610 3670 827 3767 sssspicantur
841 3672 979 3757 dicere,
998 3691 1044 3742 ne
1062 3669 1160 3743 sorte
1175 3672 1224 3740 ia·

165 3772 335 3870 pidentur
350 3794 369 3847 a
384 3774 498 3851 turba.
548 3775 672 3869 Quare
688 3792 766 3862 quae
787 3770 958 3843 Servator
973 3769 1149 3843 Pharisaeis
1167 3771 1225 3840 lo-.

170 3886 276 3955 cutus
301 3870 372 3956 est,
399 3875 578 3947 contraria
599 3893 676 3947 non
700 3871 780 3944 sunt
802 3871 879 3963 his,
905 3890 981 3961 quae
1002 3867 1131 3960 scripta
1148 3867 1226 3941 sue·
1268 3867 1272 3872 ’

170 3985 257 4061 suot
277 3973 315 4060 itt
333 3970 539 4071 Evangelia
561 3975 605 4051 de
628 3968 1026 4066 multitudine-eorum,
1052 3969 1110 4059 qui
1133 3964 1237 4057 apud'

242 4118 246 4126 -
457 4070 460 4076 ’
649 4068 737 4165 ῃ
1004 4068 1208 4165 bornum
