2817 4575
85 1913 91 2046 l
131 1929 160 2002 r>

325 343 393 424 ru
427 340 725 443 ponuntur
759 343 1033 428 ronnei.
1162 373 1207 453 π

137 507 291 587 sublime
313 509 554 599 melioresque
571 507 698 582 reddat
722 528 787 600 per
812 509 1065 600 Christianismi
1086 514 1119 588 in
1142 536 1206 592 oc·

139 615 245 686 culto
264 606 446 698 existentis
465 608 579 704 legent
597 629 684 702 eur,
712 610 772 701 qui
793 613 1011 704 exteriorem
1032 612 1203 694 Christia-

136 716 296 808 nismum
318 707 520 802 sequuntur.
572 708 678 782 Hanc
703 713 753 782 ob
775 709 934 804 causam,
963 726 1036 787 tuni
1056 709 1200 810 spiriru,

134 826 217 885 tuni
235 809 392 904 corpo're
410 803 595 882 Christiani
611 822 650 881 ut
665 805 768 882 limus
786 808 925 884 necelle
942 807 1013 903 est,
1040 813 1073 883 dr
1093 815 1199 904 quari·-

133 911 192 986 do·
203 912 394 1002 corporale
408 903 642 1004 Evangeliuin
660 909 921 1001 praedicandum
941 907 1013 1006 est,
1042 911 1198 989 dicendu

134 1011 340 1084 carnalibus
364 1007 452 1082 nihil
478 1026 547 1081 nos
571 1007 682 1098 scite,
709 1007 772 1082 nisi
799 1008 916 1104 Jesutn
937 1009 1135 1100 Christum,
1162 1013 1197 1088 dt
1272 1007 1274 1012 '

131 1110 236 1186 hunc
261 1103 490 1189 crucifixuri,
515 1109 589 1181 hoc
611 1106 815 1194 faciendum
841 1109 902 1183 est.
961 1108 1050 1183 Cuni
1077 1127 1195 1195 autern

131 1209 276 1286 inventi
295 1208 430 1282 fuerint
456 1207 588 1282 elevati
611 1205 755 1302 spiritu,
782 1205 963 1304 &inipso
984 1207 1195 1310 fruitifican3

130 1323 190 1382 tea
206 1325 437 1399 amantesque
459 1304 638 1400 sapientiae
660 1305 832 1400 coelestis,
861 1310 895 1382 hi
913 1303 1105 1402 participer
1123 1303 1195 1385 effi·
1281 1342 1283 1346 ·

132 1408 252 1482 ciendi
270 1407 349 1482 sunt
367 1407 493 1499 verbi,
515 1401 626 1480 &filii
641 1405 710 1486 Dei
728 1407 865 1503 regreffi
881 1408 961 1501 post
972 1403 1195 1484 'incarnatiu'i

130 1527 218 1584 nera
233 1506 277 1580 ad
295 1507 332 1579 id
347 1506 445 1599 quud
463 1523 540 1580 etat
558 1508 595 1579 in
615 1507 794 1599 principio
813 1508 905 1602 apud
924 1509 1053 1583 Deum.
1163 1521 1191 1556 ··³

211 1625 268 1682 10.
294 1605 472 1679 Ceterum
487 1608 563 1680 lraec
579 1606 673 1679 haud
686 1603 814 1678 frustra
831 1629 899 1681 nos
914 1605 1103 1681 differuitle
1121 1610 1193 1698 ertia·

127 1705 330 1793 stimamuc,
357 1704 544 1801 Evangelii
572 1705 706 1779 sensum
731 1722 899 1780 accurate
922 1707 1193 1806 investigantes,

127 1809 176 1882 dr.
189 1805 426 1905 Evangeliurn
452 1804 610 1878 sensibile
626 1808 670 1877 ab
688 1801 888 1901 Evangelio
906 1808 1120 1904 intelligibili
1144 1810 1194 1892 see

164 1922 334 1996 arantes„
365 1901 509 2002 Etenim
537 1923 635 1977 nunc
662 1906 769 1975 nobis
801 1904 1023 1998 propositum
1058 1906 1125 1991 est,
1151 1925 1193 2000 ut

128 2003 368 2104 Euangelium
387 2003 544 2077 sensibile
562 2018 839 2077 transmutemur
862 2006 897 2075 in
916 2006 1135 2098 intelligibile
1158 1993 1192 2082 ἃ

126 2105 333 2200 spirituale}
359 2106 493 2196 alioqui
509 2125 586 2196 quae
601 2103 780 2176 enarratio
800 2107 868 2177 etit
882 2103 1072 2200 Evangelii
1093 2106 1191 2182 tenu

127 2207 237 2299 bilis,
253 2205 319 2280 nist
334 2207 629 2278 accommodetur
637 2206 690 2274 ad
703 2205 927 2297 intelligibile
942 2205 973 2276 dr
993 2204 1191 2297 spirituale?

129 2304 242 2385 Nulla
259 2310 340 2379 lane
360 2306 419 2403 vel
433 2306 584 2399 exigua,
611 2324 723 2393 eaque
737 2305 955 2398 vulgarium,
974 2309 1033 2396 qui
1051 2328 1095 2379 ex
1112 2328 1192 2381 ver-

130 2404 279 2497 bicipite
296 2405 371 2481 vini
385 2423 536 2494 eorum,
563 2422 640 2494 qua
656 2401 900 2485 declarantur,
927 2407 1113 2497 percipere
1130 2407 1192 2487 sibi

129 2504 363 2601 persuadent.¹
404 2496 544 2577 Verum
565 2516 651 2605 totq
668 2507 862 2575 contentio
883 2500 1004 2577 nostra
1022 2526 1068 2576 eo
1085 2500 1191 2581 nobie

131 2605 314 2701 dirigenda
330 2598 401 2696 est',
427 2608 469 2674 ut
487 2602 689 2698 pertingere
711 2621 884 2674 conemur
909 2594 1192 2695 profunditaten‘l

131 2701 250 2779 sensus
277 2702 508 2799 Evangelici‚
541 2704 739 2774 accuratius
764 2702 972 2797 indagantes
1002 2705 1193 2781 veritatem

131 2808 166 2879 ln
181 2802 264 2901 ipso
279 2801 399 2900 figuris
412 2801 555 2877 nudam.
606 2802 730 2892 Atque
745 2802 908 2891 equidem
929 2801 953 2874 si
968 2804 1194 2879 considerent·

132 2918 188 2978 tur
210 2925 278 2994 ea,
294 2922 383 2995 ,quae
404 2904 663 2975 annuntiantur
682 2901 720 2972 in
744 2901 926 2975 bonorum
944 2900 1193 2995 promiffioneq

131 3002 301 3101 apostoli
319 3001 461 3094 quidem
474 2999 591 3097 Jesurn
609 3001 824 3093 praedicant3
852 3002 1019 3073 dicuntur
1034 3004 1190 3099 quidem,

132 3124 196 3179 teu
220 3098 698 3181 bonurn‚·resurrcdtionern
724 3104 830 3172 etiarn
861 3104 1086 3184 annuntiare,
1113 3112 1191 3195 quai

132 3202 143 3274 i
166 3205 199 3278 ia
217 3200 468 3295 aliquomodo
485 3196 670 3296 estJesua,
694 3198 839 3273 dicente
851 3198 951 3295 Jesu:
985 3200 1126 3294 Egestam
1143 3229 1192 3276 re·

130 3228 292 3395 ssiretiro.
336 3299 434 3397 Jesur
451 3318 559 3391 veto,
577 3319 655 3391 qua
671 3296 804 3373 sinetis
821 3299 974 3393 reposita
990 3300 1069 3374 sunt
1083 3322 1192 3377 evatr-

132 3396 260 3499 galiaat
278 3401 509 3499 pauperibus,
522 3399 721 3473 cohortans
741 3418 805 3471 eos
821 3402 864 3471 ad
878 3396 1000 3473 divina
1015 3400 1191 3493 promissa.

134 3506 274 3605 Quibus
297 3496 377 3573 sane
400 3499 505 3571 bonis
529 3498 881 3581 annuntiationibus,
907 3503 968 3571 vel
995 3500 1191 3592 Apostolo-

134 3620 206 3677 tuni
228 3601 295 3673 -vel
320 3590 524 3673 Servatotis
551 3597 683 3681 nostri,
712 3598 841 3671 divinoe
860 3619 1004 3690 quoque
1027 3601 1193 3675 attestan·
1247 3588 1257 3607 ⁸

135 3714 186 3775 tur
208 3698 428 3794 scripture:
465 3696 585 3769 David
612 3695 706 3771 enini
733 3699 779 3768 de
805 3695 1013 3793 Apostoli,
1040 3698 1192 3777 furtassia
1287 3720 1290 3727 ’

137 3804 236 3877 etiarn
251 3800 300 3875 de
320 3794 556 3893 Evangelistis
573 3794 638 3870 ait:
668 3803 831 3868 Dominus
845 3799 936 3877 dabir
950 3799 1082 3869 verbum
1096 3797 1194 3873 avam

137 3902 349 3993 gdizanti'bus
374 3903 504 3969 uirtute
528 3899 654 3967 muita.-
678 3921 735 3968 rex
756 3900 919 3965 virtutum
939 3898 1068 3984 ditrfir'3
1094 3898 1196 3975 simul

140 3994 1215 4093 dautducena,noncompositionemverberununnnpic·

190 4142 197 4151 -
622 4092 703 4175 Ca
988 4099 1188 4177 latlcnern
