2817 4575
321 375 400 463 rn-
421 377 718 486 Jonnnnn
752 381 963 463 ‘sonu-s
991 387 1051 464 -r.···
1158 409 1209 485 st·

133 549 313 622 lationem
333 565 488 637 vocum,
515 567 590 621 non
609 548 828 640 elaboratam
852 551 1026 624 orationis
1051 551 1213 643 pulchri·
1239 523 1242 529 ¹

136 647 300 722 tudinem
316 648 358 720 ad
378 647 657 739 persuadendum
680 650 899 738 conducere,
926 651 982 722 sed
995 654 1137 722 virtutis
1151 653 1209 746 dh.

136 751 234 820 vinae
246 746 579 840 suppeditationem.
616 751 739 847 Quare
757 748 1207 842 Paulusetiamalicubihe,

137 847 274 939 inquit:
301 850 380 932 Non
393 849 552 941 agnoscam
561 848 734 936 sermonem
749 849 890 942 iliorum,
910 858 966 948 qni
974 853 1055 939 sunt
1077 850 1198 947 inflati,

134 947 189 1037 ssd
203 953 372 1035 virtuqrm.
424 949 491 1019 Nec
512 953 595 1018 enim
614 949 653 1046 ‘fl
673 955 711 1016 in
725 948 866 1037 sermone
890 973 1017 1044 regnum
1042 955 1123 1037 Dei,
1144 949 1202 1039 sed

138 1051 179 1116 in
200 1051 339 1122 virtute.
391 1044 441 1119 Et
464 1047 565 1121 alias:
600 1051 841 1137 Sermo'meus,
869 1048 906 1125 (s
927 1054 1103 1144 predicatio
1130 1047 1202 1123 msa'·

134 1169 203 1217 nen
226 1151 264 1215 iri
288 1146 532 1243 psisuofibilr'brrs
546 1148 712 1242 sopimtiae
733 1150 858 1240 verbis,
881 1152 933 1235 sed
955 1158 990 1218 in
1012 1152 1197 1245 demonstra·

135 1254 223 1318 risere
233 1246 372 1344 spiritus
392 1247 431 1323 (5
447 1251 597 1319 virturis.
648 1247 745 1322 Huic
764 1249 889 1322 virtuti
911 1248 1118 1322 attestantes
1143 1248 1199 1338 si,

134 1366 246 1438 mon,
273 1344 308 1420 dt
336 1344 492 1441 Cleopas
519 1347 664 1420 dicunt:
697 1352 819 1422 Nonne
842 1373 892 1418 cor
916 1350 1053 1447 nostrum
1081 1351 1196 1421 ardens

135 1461 205 1520 erni
225 1449 264 1515 sn
285 1449 360 1534 vio,
384 1471 482 1544 quum
505 1447 658 1536 reserabat
680 1449 768 1517 nobis
795 1453 1002 1539 Scripturas?
1053 1449 1199 1540 Vesuui·

133 1541 327 1639 Apostoli,
352 1545 433 1637 quia
454 1548 631 1638 quantitas
653 1548 797 1620 virtutis
825 1547 945 1620 aDeo
970 1549 1194 1640 praedicanti:

131 1647 199 1719 bus
223 1641 454 1738 suppeditata
479 1645 529 1719 est
549 1646 736 1740 praelians,
761 1650 906 1722 multam
937 1649 1093 1720 habuere
1122 1649 1195 1720 vir·

130 1757 249 1820 tutem
265 1746 368 1838 juxta
383 1745 492 1833 illud,
521 1746 619 1837 quod
639 1747 733 1838 apud
751 1746 927 1822 Davidem
947 1749 1095 1820 dicitur:
1126 1752 1193 1819 De·

132 1850 240 1916 ninus
257 1845 345 1914 dabit
361 1844 491 1916 verbum
506 1846 800 1938 evangelizantibus
820 1853 946 1917 virture
960 1849 1072 1921 multo.
1105 1845 1193 1938 Por·¹
1245 1877 1249 1888 ¹

131 1964 176 2018 1⁹0
194 1940 336 2035 Esaias,
354 1964 434 2020 cum
453 1944 613 2034 dicerem
635 1947 743 2036 Quom
756 1945 975 2037 pulchrificat!
992 1948 1078 2040 pedes
1093 1971 1192 2017 evan·

125 2044 340 2140 gelizanrium
366 2044 465 2138 bona,
492 2043 780 2136 predicationem
803 2044 1006 2138 intelligens
1033 2041 1191 2140 Aposto-

129 2145 250 2218 lorum
270 2155 460 2230 maturam‚
479 2141 565 2215 &in
583 2149 753 2236 tempore
764 2156 871 2235 atque
888 2159 1097 2237 opportune
1117 2142 1188 2224 lac·

129 2255 223 2337 tam,
250 2242 384 2317 dumio
401 2263 447 2316 eo
464 2245 531 2316 iter
548 2242 705 2337 faciunt,
734 2246 793 2335 qui
814 2243 919 2316 dixit:
950 2243 1095 2338 Egestam
1116 2251 1189 2328 aia,

128 2345 250 2417 laudat
263 2344 375 2435 pedes
391 2343 598 2418 incedentes
619 2346 794 2435 perviam
812 2343 938 2417 Christi
958 2342 1039 2440 Jesu
1051 2399 1062 2437 ,
1074 2346 1191 2439 ingre·

89 2528 95 2547 ι
115 2443 342 2539 ,clientesque
357 2465 421 2538 per
440 2440 630 2517 ostium-ad
645 2445 777 2518 Deum.
824 2443 949 2534 ltaque
970 2447 1066 2517 bona
1081 2466 1191 2523 evan-

128 2545 286 2639 gelizant
305 2542 376 2633 illi,
403 2560 555 2633 quorum
584 2544 693 2634 pedes
718 2539 798 2616 sunt
820 2542 957 2638 pulchri
982 2541 1113 2642 (bona
1134 2542 1190 2622 ἰιι·Ι
1236 2588 1243 2599 -

92 2643 283 2739 3quam),
310 2641 444 2715 scilieet
466 2640 594 2737 Jesum.
799 2658 801 2663 ’
861 2650 863 2657 “

93 2742 96 2751 “
203 2762 260 2814 11.
292 2740 375 2813 Nec
398 2742 546 2835 miretur
571 2740 743 2835 quispiam
769 2741 794 2816 s1
821 2743 969 2816 nomine
1005 2744 1190 2816 bonorum

129 2860 281 2918 numero
304 2838 563 2927 multitudinis,
591 2842 816 2934 exposuimus
843 2842 1043 2915 annuntiari
1071 2841 1190 2934 jesum

84 2938 87 2957 '
128 2945 172 3017 ab
198 2941 547 3035 evangelizantibus:
582 2941 754 3035 exposrtis
781 2943 874 3014 enim
893 2943 1011 3017 rebus
1042 2943 1201 3015 nominar

127 3041 366 3131 habentibus,
393 3040 518 3131 quibus
545 3038 616 3112 Dei
642 3038 735 3119 filius
763 3051 1011 3134 nuncupatur,
1038 3037 1187 3113 sciemus

127 3139 317 3235 quomodo
339 3141 447 3217 multa
464 3142 559 3212 bona
576 3137 617 3211 srt
631 3137 757 3235 Jesns,
785 3161 888 3235 quem
913 3142 1123 3212 annuntiant
1149 3140 1187 3223 ii,

130 3262 282 3333 quorum
302 3238 447 3333 speciosi
467 3240 547 3313 suut
567 3238 686 3333 pedes.
738 3240 977 3312 Vitabonum
996 3238 1186 3322 estonum,

129 3356 163 3414 at
183 3340 284 3434 Jesus
301 3338 352 3411 est
369 3339 453 3413 uita.
487 3341 628 3412 Bonum
645 3341 793 3411 alterum
816 3341 876 3412 lux
898 3337 949 3411 est
967 3339 1102 3430 mundi,
1124 3340 1187 3410 lux

126 3460 239 3534 vera,
255 3441 316 3510 har
335 3438 531 3513 hominum.
565 3437 618 3511 At
634 3439 711 3511 hec
729 3441 848 3512 omnia
865 3439 994 3511 dicitur
1008 3438 1077 3511 elle
1092 3434 1186 3515 silius
1268 3444 1272 3451 '

83 3518 89 3613 l
126 3540 240 3636 Det,
262 3537 322 3608 Ad
349 3538 449 3624 haec,
476 3550 711 3629 preterquam
743 3540 840 3628 quod
864 3541 938 3609 vita
966 3538 998 3608 dr
1027 3539 1085 3607 lux
1113 3534 1186 3630 est,

85 3656 89 3679 ¹
128 3640 221 3713 aliud
241 3638 348 3710 etiarn
360 3636 417 3709 est
435 3638 585 3719 bonum,
601 3634 702 3732 juxta
718 3638 1021 3711 considerationes
1035 3634 1188 3725 nostras,

129 3740 267 3813 veritas·
287 3736 434 3812 scilicet.
485 3735 619 3809 Rursus
644 3736 695 3809 est
719 3736 812 3808 aliud
835 3740 993 3827 bonum,
1019 3736 1117 3824 quod
1137 3734 1190 3809 est

130 3852 295 3929 quartum
311 3837 470 3927 bonum,
496 3856 628 3930 nempe
646 3836 727 3926 via,
756 3857 832 3924 quae
850 3837 984 3908 adhaec
1004 3839 1100 3907 bona
1119 3855 1189 3908 nos

132 3940 327 4014 conducat.
380 3938 467 4007 llaec
482 3948 602 4010 autem
624 3936 744 4010 omnia
762 3935 936 4009 Servatur
956 3932 1100 4026 seipsum
1119 3931 1190 4010 esse

134 4035 436 4136 incendimus:
473 4036 538 4133 Ego
557 4036 725 4216 fungia,
751 4040 875 4113 veritat
893 4032 932 4114 U
948 4038 1038 4110 ulte.
1124 4053 1200 4105 uu-

231 4154 237 4161 ·
693 4158 716 4239 3
1044 4152 1116 4217 ruo
1141 4150 1174 4209 e
