2817 4575
88 335 107 396 ·.·
164 331 226 428 ,j
301 261 695 454 1N⁸JOANINEM
736 322 949 404 TOMUS
986 315 1047 409 ΙΙ.
1100 259 1197 429 '³133
1249 383 1260 414 2

106 473 177 572 'ea
203 489 349 585 videre,
375 508 453 580 quae
473 507 551 562 non
571 488 848 580 intellexerant,
876 501 1065 582 autequam
1089 485 1196 569 fieret

109 592 176 666 „ad
194 611 259 665 eos
280 589 405 664 Sermo
420 587 512 681 ipse3
540 588 631 683 apud
649 586 768 664 Deum
786 608 877 662 vero
893 591 1012 665 Deum
1031 589 1119 672 erle,
1146 613 1194 670 ex

131 712 195 781 eu,
213 669 314 781 quod
328 688 370 762 fit
386 687 479 782 apud
496 685 618 778 ipsunt.
651 685 776 780 Itaque
791 686 936 762 fortalie
949 692 1055 763 talern
1071 710 1192 782 quern-

131 796 215 864 dato
239 788 402 863 ordinem
419 788 570 861 intuitus
588 787 747 883 Joannes
771 790 807 859 in
827 786 988 863 sermone
1006 810 1080 863 non
1104 813 1192 885 prae·

86 971 91 980 ,
130 889 274 984 posuit,
301 892 391 960 Deus
406 903 477 959 troi
493 890 620 979 Sermo,
645 887 715 959 illis
729 889 868 961 verbis:
893 893 1000 960 Sermo
1017 907 1086 960 erat
1107 894 1191 989 apud
1320 877 1334 901 ²

130 996 258 1078 Deum,
285 988 374 1062 nihil
397 987 551 1082 alioqui,
576 987 674 1079 quod
696 988 739 1060 ad
756 990 1021 1062 enuntiationes
1043 995 1188 1086 attinet,

130 1089 304 1162 obfutura
326 1087 413 1180 serie
439 1088 481 1160 ad
505 1088 767 1184 intelligendam
792 1088 865 1160 vim
892 1085 1045 1162 seorsum
1071 1092 1186 1184 cujus·
1282 1132 1290 1144 =

85 1197 94 1312 {-
131 1207 287 1280 cumque
311 1188 560 1279 pronuntiati:
593 1208 703 1260 unum
733 1207 886 1278 namque
913 1193 1187 1281 pronuntiatum

85 1327 88 1392 2
129 1286 202 1374 est:
238 1290 279 1360 In
297 1290 453 1383 principio
474 1303 543 1358 erar
567 1288 619 1356 iile
640 1285 767 1371 Serma3
793 1287 967 1363 alterum:
1006 1293 1055 1358 lde
1078 1294 1188 1363 Sermo
1258 1299 1261 1310 '

85 1387 93 1482 f
128 1391 202 1460 trad
221 1389 305 1482 apud
329 1392 452 1475 Deum,
479 1385 713 1479 &deincepst
742 1386 789 1458 El
810 1392 898 1458 utus
917 1406 984 1459 erar
1001 1391 1050 1459 ile
1064 1399 1185 1468 Sermo.
1313 1481 1315 1486 Ι

128 1488 199 1560 Sed
228 1487 397 1579 quoniam
430 1484 576 1559 fortaiie
604 1490 767 1559 ordinem
795 1488 981 1580 quemdam
1011 1490 1186 1578 declarat,

128 1590 210 1680 quia
230 1585 385 1680 pofitunr
409 1585 451 1658 sit
475 1587 592 1678 primo
613 1587 701 1659 loco
724 1587 797 1660 boc
821 1588 1092 1679 pronuntiatum
1102 1597 1117 1661 ε’
1143 1589 1187 1665 ln

94 1731 112 1764 -,
126 1691 286 1786 psinpipio
301 1701 370 1758 erat
392 1687 442 1756 ide
457 1689 582 1773 Sermo,
606 1686 708 1777 juxta
722 1690 828 1760 talem
846 1686 990 1763 seriemt
1019 1691 1067 1761 Er
1078 1696 1187 1763 Sermo

128 1804 198 1860 erar
220 1788 300 1884 apud
318 1781 444 1879 Deum,
470 1784 504 1857 dt
528 1787 638 1858 tertio
656 1785 763 1876 loco:
794 1787 841 1857 Er
863 1791 953 1861 Deus
973 1808 1043 1861 erar
1062 1795 1185 1881 Sermo,
1313 1863 1319 1874 ,

127 1887 266 1961 idcirco
283 1886 431 1958 dicitur:
459 1887 506 1956 Et
525 1885 575 1956 ide
592 1884 779 1962 Sermoerat
797 1888 1018 1981 spurillium,
1038 1889 1186 1965 deindet
1311 1901 1318 1908 “

85 1969 101 2084 i
131 1987 179 2059 Er
204 1991 295 2059 Deus
311 2002 381 2057 erar
398 1988 448 2055 ide
468 1990 594 2079 Sermo,
620 1999 660 2057 ut
682 1985 744 2057 ille
763 1981 890 2060 Sermo
913 1989 1062 2084 intelligi
1080 1987 1186 2084 poffit

85 2127 87 2136 ·
127 2084 198 2162 eise
217 2087 449 2177 Deus‚.quia
464 2083 505 2158 srt
523 2084 617 2178 apud
635 2085 763 2159 Deum.
1083 2133 1085 2137 ·
1128 2156 1130 2162 ,
1167 2105 1170 2112 ·

104 2265 110 2276 ,
202 2201 237 2261 a.
262 2183 440 2276 Ceterum
465 2206 588 2282 magua
608 2181 865 2258 observatione
884 2184 992 2281 (non
1017 2199 1186 2280 tanquam

105 2285 205 2363 'nunu
220 2285 368 2365 'callens
392 2286 616 2360 elaboratum
637 2283 853 2363 ,Graecorum
880 2289 1020 2361 dicendi
1046 2283 1186 2384 genus)

119 2384 210 2461 'alibi
237 2380 380 2479 quidem
404 2385 559 2457 articulis
581 2381 664 2458 usus
693 2383 743 2456 est
768 2385 950 2480 Joannes‚
984 2389 1066 2460 alibi
1092 2406 1186 2462 vero
1263 2434 1275 2447 ·

128 2486 293 2560 reticuit:
318 2488 659 2574 interemitque,
680 2483 880 2572 Sermonis,
899 2482 1085 2561 articulum
1105 2506 1188 2571 cunr

129 2586 326 2675 addiderit,
352 2585 389 2656 in
408 2583 478 2655 Dei
498 2584 678 2655 vocabulo
701 2584 890 2674 aliquando
912 2589 947 2659 id
969 2589 1097 2681 ponit,
1126 2584 1187 2658 aii·
1281 2652 1283 2657 .

130 2687 277 2779 quando
295 2678 506 2756 differentiae
529 2687 640 2780 gratia
662 2684 697 2754 id
722 2702 797 2756 non
815 2685 933 2777 ponit.
983 2685 1076 2760 Nam
1104 2705 1188 2761 cum

130 2783 200 2859 Dei
216 2785 436 2858 vocabulum
450 2783 598 2876 ponitur
611 2783 656 2854 de
671 2781 834 2878 ingenito
847 2783 1094 2858 uniuersorum
1108 2803 1190 2858 auc·
1229 2802 1233 2811 ’

98 2888 101 2895 “
131 2898 236 2976 tore,
261 2884 449 2957 articulum
465 2884 595 2976 ponit,
622 2881 779 2956 reticens
798 2883 905 2974 illud,
932 2906 1011 2956 curn
1031 2885 1091 2958 ille
1109 2885 1191 2958 Ser·

131 3002 190 3061 ruo
206 2984 309 3058 Deus
325 2983 544 3056 nominatur.
597 2979 753 3056 Proinde
770 2984 876 3076 ride,
903 3005 949 3057 ne
967 2984 1064 3058 forte
1089 3001 1130 3057 ut
1151 2984 1191 3058 in

102 3140 105 3147 .
133 3081 183 3159 iris
196 3080 292 3159 locis
309 3077 431 3155 differt
449 3080 551 3156 Deus
568 3100 648 3156 curn
666 3083 840 3173 articulo,
868 3082 902 3155 uz
923 3084 1022 3157 Deus
1045 3084 1117 3159 sine
1137 3101 1192 3156 ar·
1315 3156 1319 3166 ,

132 3184 270 3277 titulo,
295 3178 343 3256 stc
361 3175 503 3254 differat
520 3183 625 3255 etiam
645 3177 796 3277 inopte,
824 3182 891 3275 (id
908 3182 958 3257 est
977 3184 1036 3256 ille
1049 3186 1192 3277 Sermo,

133 3287 192 3359 vel
213 3283 275 3355 illa
294 3278 441 3376 ratio,)
467 3300 550 3355 curn
574 3282 750 3375 articulo,
777 3284 811 3354 dt
833 3292 956 3379 napae,
983 3284 1019 3356 id
1043 3282 1093 3356 est
1114 3282 1194 3356 Ser·
1252 3292 1256 3297 '

132 3377 314 3477 inm-,srvat
332 3383 447 3470 ratio,
471 3379 544 3454 line
568 3381 734 3454 articulo.
784 3378 839 3455 Ut
863 3386 959 3458 enim
982 3383 1083 3456 Deus
1105 3383 1191 3475 ille,

134 3483 190 3574 qui
216 3479 275 3558 est,
291 3486 330 3554 in
356 3480 546 3573 omnibus,
571 3481 639 3554 ille‘
659 3480 759 3555 Deus
777 3480 828 3556 est
847 3503 928 3558 curn
954 3485 1131 3573 articulo,
1156 3481 1193 3555 dt

132 3586 204 3659 ‘uun
231 3577 437 3673 firnpiiciter
457 3577 578 3668 Deus,
604 3578 678 3654 stne
697 3582 871 3674 articulo,
898 3582 946 3656 fic
971 3581 1054 3654 fons
1082 3583 1193 3654 ratio·

133 3682 184 3765 nis
206 3677 317 3778 (quaa
341 3680 534 3772 unicuique
560 3681 709 3754 rationis
730 3684 853 3776 capaci
875 3678 994 3779 inest)
1015 3685 1109 3754 ratio
1132 3682 1194 3755 illa
1318 3758 1323 3764 ,

127 3780 203 3873 “tiis
228 3779 505 3868 comerticu103
532 3798 613 3855 cunt
633 3783 764 3872 alioqui
784 3784 901 3876 ratio,
929 3803 1006 3872 quae
1030 3783 1067 3854 in
1096 3802 1194 3854 uno·

85 3906 88 3919 ¹
124 3892 278 3973 'quoque
293 3876 407 3966 inest,
435 3894 514 3960 non,
529 3879 677 3973 perinde
696 3883 861 3974 proprie,
888 3896 994 3972 atque
1016 3881 1075 3953 illa
1096 3884 1192 3952 ratio
1245 3952 1251 3960 ,

119 3982 269 4079 priua,
297 3974 586 4073 (quadrantem
609 3979 712 4157 hktjus
728 3982 864 4079 dic0,)
889 3982 1125 4071 nominetur,
1146 3979 1198 4053 di·

290 4120 294 4127 ·
674 4098 697 4157 2
754 4161 756 4165 ,
984 4094 1173 4170 natuturae
1287 4102 1295 4115 “
