2817 4575
203 353 998 498 ‘rnJoanrttu‘ronrusrt
1089 383 1161 496 ’,ἡ
1271 387 1279 404 ’

136 579 203 650 un,
220 567 261 628 ut
278 551 527 628 confirmatior
544 551 590 626 de
608 553 750 647 Joanne
766 556 886 625 oratio
902 575 943 626 ea
958 553 1093 647 effet,
1081 575 1160 649 que

136 658 226 730 tr'uit
243 676 324 728 eum
338 653 514 748 Angelum
532 651 765 725 existentem
748 653 876 744 ,juxta
893 652 999 726 Esaiae
1012 677 1159 751 vocem,

136 775 313 848 corpore
332 752 510 826 advenitio
529 749 796 827 testificaturum
813 753 856 826 de
873 754 967 829 luce.
995 757 1064 829 Sed
1076 757 1159 834 hac·
1279 779 1281 786 ·

136 877 208 930 nus
226 855 270 927 de
289 855 429 947 Joanne
448 843 605 940 hot'nine.
887 881 889 886 ·

178 957 234 1027 26.
272 955 443 1024 Arbitror
473 971 563 1024 vero
590 969 659 1048 ego
683 949 981 1040 quemadmodum
1002 975 1098 1038 vox,
1125 955 1162 1030 dr

137 1074 217 1128 rmo
242 1052 335 1147 apud
361 1073 429 1125 nos
458 1049 657 1127 differunt,
692 1069 773 1122 cum
798 1053 976 1126 interdum
1004 1056 1161 1149 proferri
1272 1051 1278 1064 ’

136 1155 208 1229 >tiit
232 1173 308 1224 vox
333 1152 421 1223 nihil
444 1148 642 1246 significans
663 1151 797 1238 absque
815 1149 996 1244 sermone,
1022 1158 1162 1234 itidem·

136 1277 173 1330 re
196 1253 311 1328 sermo
326 1255 459 1340 absque
479 1269 574 1326 uoce
591 1250 794 1324 renuntiari
816 1250 920 1342 possit
940 1257 1051 1326 menti
1069 1252 1164 1348 (ve-
1287 1265 1289 1276 '

136 1356 169 1428 ti
195 1374 276 1427 curn
300 1355 391 1442 intra
417 1371 483 1421 nos
506 1347 600 1442 ipsos
620 1348 895 1446 discurrimus);
922 1354 970 1423 ita
986 1352 1164 1447 Joanncm

136 1455 233 1548 iam,
261 1450 372 1548 veluti
402 1469 537 1521 vocem
564 1449 772 1522 existentem
790 1448 834 1522 ad
853 1457 1163 1569 comparationem

136 1538 254 1637 bristi,
270 1541 329 1642 qui
348 1548 461 1621 sermo
480 1547 550 1630 est,
564 1547 708 1621 differre
725 1571 744 1619 a
759 1549 973 1643 servatore,
992 1556 1050 1644 qui
1061 1555 1166 1645 juxta
1255 1641 1261 1652 ,

136 1652 289 1726 rumdam
304 1649 625 1721 considerationem
644 1648 757 1720 sermo
778 1647 839 1720 est
882 1650 941 1722 Ad
954 1654 1027 1725 hoc
1045 1667 1165 1728 autem

139 1751 315 1825 einvitat
341 1748 414 1840 ipse
442 1751 621 1840 Joannes,
649 1751 808 1836 quisnam
833 1751 988 1822 tandem
1003 1751 1098 1826 effet.
1118 1753 1164 1826 ad

136 1863 369 1966 tterrogantes
386 1847 626 1940 respondens:
644 1849 710 1939 Ego
724 1871 792 1920 vox
804 1850 972 1919 clamantis
987 1858 1023 1921 in
1036 1852 1164 1938 deserti:

136 1966 226 2023 orote
242 1956 331 2018 ariam
349 1945 506 2034 Domini,
533 1945 634 2017 retias
643 1947 747 2037 facite
762 1950 934 2030 ¹femitas
906 1976 934 2043 e]
937 1975 985 2022 us.
1026 1950 1074 2022 Et
1092 1952 1167 2024 fot·-

136 2050 190 2124 ,ffe
206 2062 356 2143 propter
375 2048 448 2121 hoc
465 2047 669 2119 increduius
684 2047 898 2120 Zacharias
890 2070 926 2121 rn
944 2064 1029 2120 ortu
1044 2052 1165 2146 vocis,

136 2171 185 2226 uae
205 2146 426 2222 demonstrat
445 2145 652 2219 sermonem
666 2147 759 2225 Dei,
786 2150 1087 2236 amittitvocem,
1113 2149 1168 2223 sst-

139 2271 206 2327 ens
217 2270 317 2339 eam,
343 2245 510 2321 nascente
527 2267 645 2333 voce,
671 2249 812 2338 quaeest
827 2249 1023 2341 precursor
1040 2250 1170 2325 sermo-

136 2356 173 2425 is.
200 2352 291 2424 Vox
309 2349 402 2420 enim
420 2350 561 2418 auribus
576 2349 792 2442 percipiatur
807 2363 977 2440 oportet,
994 2363 1036 2421 ut
1046 2352 1171 2442 postea

136 2472 207 2525 tens
231 2448 511 2521 demonstratum
537 2469 556 2517 a
580 2466 674 2519 voce
689 2445 896 2520 'sermonem
922 2453 1089 2541 excipere
1107 2474 1171 2526 va·

136 2566 190 2625 rat.
227 2549 366 2621 ldcirco
386 2549 490 2617 etiarn
509 2548 617 2639 paulo
637 2549 818 2636 antiquior
837 2546 978 2620 Christo
995 2551 1044 2620 est
1061 2551 1170 2643 Joan·

136 2672 196 2740 es,
224 2647 322 2738 quod
339 2646 381 2716 ad
400 2661 530 2727 ortum,
538 2649 712 2738 pertinet:
739 2667 871 2720 vocem
890 2650 983 2719 enim
1002 2665 1084 2721 ante
1102 2652 1172 2724 ser·

136 2771 254 2823 ionem
271 2746 475 2835 recipimus.
501 2742 733 2817 Demonstrat
751 2749 856 2820 etiam
874 2745 1050 2820 Christum
1063 2750 1173 2841 Joan·

136 2872 189 2937 es,
205 2849 287 2938 quia
304 2867 400 2917 voce
419 2844 678 2918 demonstratur
695 2844 830 2933 sermo;
846 2860 954 2938 atque
968 2855 1073 2920 etiam
1087 2851 1173 2944 bap·

139 2966 245 3023 zetur
265 2945 422 3018 Christus
444 2967 461 3013 a
481 2946 645 3059 joanne,
671 2944 810 3016 fatente
835 2944 871 3017 se
899 2965 990 3037 opus
1020 2949 1171 3040 habere,
1277 3006 1279 3011 .

136 3068 150 3121 t
168 3051 214 3121 ab
235 3046 311 3138 ipso
330 3046 552 3135 baptizetur,
580 3046 660 3133 quia
679 3042 795 3117 sermo
810 3042 1018 3137 purificatur
1036 3069 1054 3118 a
1074 3070 1172 3124 voce

136 3166 204 3222 tter
234 3145 419 3236 hominos,
456 3164 535 3216 cum
559 3157 686 3215 natura
715 3163 846 3215 vocem
875 3164 1019 3219 omnem
1048 3147 1176 3244 signifi·

136 3263 257 3321 antem
282 3242 448 3336 purificet
475 3242 600 3316 sermo.
660 3242 879 3333 Prorsusque
904 3265 984 3316 cnm
1015 3246 1202 3338 Joannes'

136 3344 289 3423 {hristum
310 3342 483 3436 ostendit,
511 3345 623 3416 borno
649 3341 767 3415 Deum
793 3341 970 3434 ostendit,
997 3347 1175 3422 &Serva

136 3468 233 3521 orem
254 3446 533 3534 incorporeum,
561 3441 687 3513 &vox
704 3441 914 3517 sermonem.

192 3566 250 3632 27.
278 3543 332 3613 Ut
345 3556 461 3614 autem
479 3544 515 3611 in
529 3542 637 3614 rebus
652 3543 771 3614 multis
787 3547 974 3616 nominum
991 3543 1179 3621 evidentia

137 3646 231 3721 stt
190 3645 310 3730 utitis,
335 3640 381 3711 fic
406 3642 478 3715 boc
503 3660 649 3731 quoque
674 3642 712 3712 in
728 3643 816 3713 loco
834 3643 924 3713 utile
946 3644 1015 3715 erit
1036 3646 1176 3735 videre,

136 3747 201 3838 quid
221 3742 431 3827 Zacharias,
458 3741 593 3830 quidve
609 3741 767 3833 Joannes
787 3738 997 3837 significent.
1035 3740 1179 3821 Etenim

136 3843 269 3916 ›erinde
292 3861 333 3913 ac
354 3840 378 3912 sr
400 3837 486 3910 effet
507 3843 631 3931 aliquis
649 3861 725 3913 non
748 3843 1055 3934 contemnendus,
1081 3847 1180 3936 quod
1277 3909 1282 3924 ,

136 3946 164 4015 td
186 3942 343 4015 nominis
369 3938 583 4029 positionem
610 3940 761 4031 attinet,
788 3942 937 4061 cognati
954 3944 1094 4033 quidem
1114 3944 1181 4017 Za·

136 4043 277 4139 :uariant
304 4038 552 4137 appellandum
579 4037 791 4218 tergent,
734 4042 830 4138 ,rei
847 4043 1028 4119 nouitate
1043 4042 1219 4227 tuma,

687 4162 709 4237 S
