2817 4575
335 396 401 475 ru
437 362 732 494 Joaun'eu
759 363 977 475 'nonus
1006 347 1091 479 vr(
1155 359 1228 500 30'7

163 560 312 653 nescio,
341 561 529 651 quomodo
553 559 687 653 absque
714 561 785 632 ulla
808 555 1027 657 probatione
1054 568 1227 641 enunciet

164 682 298 736 vocem
315 658 465 733 sermoni
483 660 588 734 valde
602 663 904 754 accomodatam,¹
914 661 1113 739 sermonem
1129 661 1225 741 fieri:
1264 727 1267 734 .

164 761 257 853 quasr
280 781 372 834 uero
389 762 571 836 mulierem
589 760 626 833 in
643 762 759 835 virum
775 775 1000 838 transmutet.
1051 762 1227 841 Praeterea

164 863 258 955 quasr
273 859 488 958 potestatem
505 860 639 934 habens
656 860 835 937 condendi
851 861 1039 958 dogmata,
1067 862 1101 936 u
1118 861 1226 942 fidem

162 961 225 1036 srbi
243 961 448 1051 acquirendi
466 961 498 1031 dr
516 956 752 1054 proficiendi,
779 961 938 1040 futurum
954 965 1090 1058 inquit,
1116 980 1158 1037 ut
1172 962 1227 1039 so·

162 1063 259 1135 nitus
280 1075 438 1133 mutetur
456 1064 494 1132 in
520 1081 672 1154 vocem,
688 1062 788 1134 loco
806 1059 964 1155 discipuli
981 1063 1142 1137 statuens¹
1157 1085 1225 1137 vo-·
1251 1057 1260 1068 ’

163 1182 244 1235 cem
262 1174 506 1234 transeuntem
526 1161 563 1233 in
585 1158 805 1255 sermonem,
831 1163 920 1235 luco
943 1183 1033 1235 vero
1057 1161 1150 1236 servi
1171 1162 1225 1236 so·

161 1263 277 1336 nitum
303 1275 547 1333 transeuntem
576 1261 612 1332 in
639 1280 783 1335 vocem.
835 1261 948 1358 Quod
971 1264 995 1337 sr
1021 1265 1225 1354 quomodo·

163 1381 305 1452 cunque
334 1357 501 1432 attulillet
527 1359 659 1453 aliquas
691 1361 895 1454 probabiles
922 1361 1084 1435 rationes
1108 1365 1145 1436 in
1169 1364 1224 1438 his

162 1459 406 1551 adstruendis‚
434 1457 683 1533 laborallemus
705 1462 812 1552 etiqm
835 1482 903 1533 nos
926 1461 962 1534 iu
982 1462 1035 1544 his
1058 1458 1226 1536 refellen-

164 1562 229 1635 dis.
282 1557 351 1632 Sed
367 1555 491 1633 sufficit
508 1560 551 1632 ad
567 1561 641 1637 haec
656 1555 873 1652 refellenda,
901 1560 994 1634 nuda
1009 1561 1228 1660 simplexque

161 1661 320 1756 negatio.
373 1659 443 1732 Sed
467 1680 553 1755 age,
581 1659 679 1749 quod
700 1658 941 1733 distuleramus
962 1664 997 1734 in
1019 1664 1225 1755 praeceden-

161 1765 258 1833 tibus
284 1759 485 1850 inquirere,
513 1758 699 1850 quomodo
718 1773 839 1832 motus
858 1762 948 1840 fuit,
972 1760 1225 1837 nuncdillera-

161 1880 252 1935 mus.
289 1858 482 1948 Servatur,
498 1856 600 1953 juxta
615 1858 901 1954 Heracleonem‚
920 1863 1096 1956 Joaunem
1109 1861 1225 1954 ipsum

162 1957 305 2034 dicit&
333 1958 549 2052 Prophetam
572 1958 604 2030 dt
628 1955 763 2031 Eliam:
796 1977 949 2050 quorum
974 1962 1226 2057 utrumquese

163 2053 234 2133 elie
260 2073 370 2156 negat,
391 2055 583 2155 (Joannes
607 2053 731 2151 ipseq)
756 2074 929 2150 preterea
951 2057 1166 2152 Prophetam
1191 2062 1226 2134 dt

163 2157 294 2249 Eliam,
311 2178 390 2230 cum
407 2157 582 2229 Servatur
600 2153 711 2248 ipsum
728 2158 815 2229 dicit
833 2159 972 2250 (inquit
989 2160 1224 2251 Heracleon),

162 2276 241 2335 non
259 2256 369 2352 ipsum
388 2257 565 2352 joannem
585 2254 763 2348 declarat,
789 2253 848 2330 sed
868 2258 1043 2349 quaesunt
1061 2261 1226 2355 circaip·

161 2358 256 2433 sum:
284 2378 365 2431 cum
381 2376 474 2431 vero
488 2358 658 2450 majorem
673 2358 778 2432 etiam
798 2356 1010 2452 Prophetis,
1030 2360 1062 2432 δι
1081 2360 1147 2439 his,
1166 2360 1227 2452 qui

163 2455 245 2534 sunt
260 2461 352 2531 inter
368 2473 473 2531 natos
487 2461 702 2549 mulierum,
732 2474 818 2530 tunc
836 2459 947 2555 ipsum
968 2462 1145 2553 Joannem
1167 2462 1242 2533 de·¹
1260 2535 1265 2545 ,

163 2559 287 2654 fignat.
306 2640 310 2644 ,
341 2556 513 2642 Proinde,
535 2556 652 2649 inquit
667 2558 893 2649 Heracleon,
910 2558 1067 2651 loannes
1084 2559 1156 2652 ipse
1174 2562 1234 2633 in?

165 2671 390 2753 terrogatus,
419 2659 462 2728 de
488 2654 599 2750 seipso
625 2654 841 2750 respondet,
868 2678 943 2730 non
972 2660 1016 2731 de
1040 2658 1121 2750 his,
1150 2678 1227 2751 quae
1270 2748 1275 2754 ἧ

167 2761 262 2832 circa
278 2755 424 2849 seipsum
441 2752 530 2830 sunt.
574 2750 750 2829 Ceterum
767 2774 927 2851 magnam
946 2756 1162 2851 diligentiam
1182 2757 1231 2832 de

163 2856 266 2947 hisce
286 2860 392 2930 rebus
412 2874 479 2948 pro
499 2855 592 2928 virili
612 2855 855 2947 adhibuimus,
881 2871 922 2928 ut
937 2857 1022 2928 nihil
1045 2876 1121 2928 non
1140 2876 1228 2930 con·

165 2952 344 3031 firmatum
364 2958 633 3044 omitteremus,
659 2975 733 3047 quo
752 2971 1044 3049 compararentur
1063 2958 1228 3048 termini,

172 3052 263 3147 quos
286 3071 446 3137 vocant,
473 3076 552 3130 cum
577 3055 654 3146 his,
691 3076 769 3146 quae
794 3056 983 3128 enunciata
1008 3052 1156 3143 fuerunt
1184 3059 1229 3131 ab

168 3154 417 3230 Heracleone:
445 3156 577 3248 quippe
602 3155 661 3247 qui
687 3174 763 3227 non
788 3155 917 3229 habeat
942 3153 1158 3247 potestatem
1180 3157 1251 3228 dt>

170 3254 273 3328 cendi
293 3254 460 3347 quidquid
481 3254 581 3325 uelit.
634 3256 717 3351 Qua
735 3256 829 3328 enim
847 3256 1002 3345 ratione,
1029 3274 1077 3328 ne
1096 3257 1229 3328 leviter

170 3356 333 3447 quidem,
360 3355 513 3446 probare
540 3365 692 3425 conatur
718 3354 791 3427 hoc
812 3354 944 3453 (quod
969 3351 1102 3427 scilicet
1123 3354 1231 3447 Joan·

168 3476 258 3547 nes,
287 3471 461 3546 qnatenus
487 3451 536 3525 est
565 3451 769 3547 Propheta,
796 3455 829 3526 u
852 3453 968 3544 Elias,
1005 3454 1137 3525 &vox
1163 3454 1233 3526 cla·

172 3557 301 3630 mantis
319 3557 355 3626 in
375 3550 545 3647 deserto)
563 3550 633 3626 elle
648 3573 693 3625 ex
707 3570 861 3627 numeru
881 3573 1039 3644 eorum,
1052 3570 1130 3645 que
1152 3546 1233 3628 suut
1266 3618 1268 3622 .

174 3657 269 3727 circa
283 3650 407 3748 ipsum,
424 3650 483 3724 sed
500 3653 614 3723 utitur
632 3656 815 3747 exemplo,
833 3653 932 3743 quod
948 3673 1025 3745 quae
1040 3652 1119 3727 lunt
1137 3656 1234 3728 circa

172 3754 308 3848 ipsum,
324 3753 389 3824 srnt
410 3753 524 3825 veluti
543 3749 756 3826 uestimenta
773 3750 910 3824 diversa
925 3757 968 3825 ab
991 3773 1055 3826 eo:
1081 3749 1114 3826 u
1135 3752 1235 3845 quod

171 3852 415 3948 interrogatus
433 3851 478 3924 de
494 3849 728 3943 vestimentis,
748 3873 792 3925 an
813 3849 884 3943 ipse
901 3849 1114 3926 vestimenta
1134 3850 1234 3940 ell'et,

174 3972 251 4029 non
271 3946 503 4046 respondiffet
517 3949 626 4042 illud,
653 3948 746 4023 Nael
797 3952 998 4048 Quomodo
1016 3953 1111 4024 enim
1128 3949 1237 4025 vesti·

174 4067 296 4130 menta
321 4051 472 4148 Joannis
499 4052 573 4127 hoc
598 4051 661 4147 sn,
687 4046 758 4126 elle
782 4046 905 4131 liliam
920 4066 1158 4133 sensurum,
1172 4039 1272 4114 nou

346 4172 350 4187 '
438 4168 441 4172 ’
662 4148 703 4229 U
735 4176 759 4232 a
1007 4141 1250 4223 admotum,
