2817 4575
81 4238 85 4283 l

280 295 288 316 ““
319 332 384 413 ru
420 330 712 433 Jouuunu
751 330 957 408 nouus
995 331 1024 411 t.
1146 351 1201 433 ῃ

137 497 303 576 altiffimia
326 496 448 572 Deum
470 492 722 593 glorificaturis
744 517 810 589 per
833 493 1015 572 Christum
1040 495 1107 590 iis,
1135 499 1199 588 qui

135 598 310 678 humiliati
325 595 519 670 fuerantiu
534 597 734 689 pulverem.
786 597 966 669 Mirantur
990 597 1097 669 etiam
1121 600 1199 671 An-

135 702 205 798 geli
221 717 347 793 pacem
364 716 429 789 per
440 695 555 790 Jesum
570 695 726 769 futuram
741 697 779 768 iu
797 708 909 784 terra,
935 718 1012 788 quae
1027 698 1130 769 locus
1145 695 1198 772 est

88 845 91 852 ·
137 802 239 874 bellis
258 793 429 887 infestus,
455 796 491 869 iu
508 816 613 888 quem
629 795 790 888 delapsus
811 818 830 867 e
850 797 945 867 coelo
958 794 1107 870 Lucifer
1121 800 1198 892 ille,¹

136 902 195 994 qui
208 917 316 974 mane
330 895 537 975 oriebatur,
563 894 680 991 aJesu
703 893 754 967 est
771 897 1028 968 conterendus.
1114 959 1116 964 .

213 1019 271 1089 14.
280 987 355 1069 'Ad
373 997 451 1069 haec
471 994 503 1068 dr
520 995 607 1068 illud
621 995 666 1069 de
677 991 878 1090 Evangelio
893 995 1040 1070 sciamus
1054 993 1200 1071 necess'e
1309 1053 1312 1058 -

136 1097 206 1192 est,
235 1097 470 1190 Evangelium
487 1096 524 1167 in
547 1095 667 1186 primia
691 1093 760 1168 elle
778 1094 858 1187 Jesu
882 1092 1032 1187 Christi,
1060 1097 1120 1186 qui
1146 1094 1198 1170 est

137 1212 245 1291 caput
270 1196 384 1268 totius
404 1195 571 1288 corporis
591 1214 718 1268 eorum
735 1196 795 1286 qui
820 1193 1025 1285 servantur,
1051 1195 1199 1270 dicente

137 1301 281 1372 Marcet
309 1296 448 1366 Initium
472 1294 644 1387 Evangelii
663 1296 746 1391 Jesaa
772 1295 913 1390 cirilli:
940 1294 1070 1367 deinde
1089 1297 1198 1370 etiam

136 1393 417 1492 Apostolorum:
443 1396 615 1486 quocirca
637 1397 744 1467 etiam
772 1396 896 1467 Paulus
921 1394 1056 1486 inquit:
1087 1399 1199 1492 Juxta
1231 1449 1237 1472 ,
1291 1477 1293 1486 ,

139 1495 355 1588 Evangeliam
374 1516 484 1565 meum.
520 1495 781 1568 Verumtamen
799 1498 858 1567 vel
877 1508 996 1566 totum
1018 1507 1122 1568 vetus
1140 1496 1199 1568 ln·

93 1669 97 1690 ἲ
137 1595 395 1686 strumentum,
430 1594 530 1685 cujua'
557 1590 668 1691 figura
699 1593 750 1667 est
770 1595 955 1691 Joaunes‚
980 1595 1121 1668 initium
1146 1593 1199 1669 est

136 1693 341 1790 Evangelii:
366 1714 446 1766 nam
467 1692 704 1789 Evangelium
731 1714 777 1767 eo
802 1695 900 1785 quod
918 1694 1199 1787 magnitudinem

138 1796 287 1879 habeat,
313 1793 452 1866 initium
477 1813 644 1884 quoque,
671 1791 705 1864 dr
732 1813 809 1883 quae
836 1791 1055 1886 sequuntur,
1081 1795 1199 1870 media

140 1893 273 1969 scilicet
296 1891 331 1966 ur
354 1889 444 1967 fines
468 1891 604 1966 habet:
638 1893 702 1964 vel
726 1906 877 1984 propter
906 1892 1199 1983 conjunctionem

136 1996 224 2070 novi
241 1991 466 2066 instrumenti
486 1994 672 2079 advetus,
690 1986 782 2066 fines
800 2006 943 2065 veteres
955 1990 1199 2087 lustrumeuti‚-

138 2115 228 2187 quos
250 2092 411 2186 Joaunes
431 2092 615 2184 exhibuit,
641 2092 780 2164 initium
804 2090 884 2165 sunt
914 2088 1121 2187 Evangelii,-
1148 2093 1218 2165 di·¹'

139 2210 244 2269 cente
258 2190 406 2264 Marco:
435 2196 571 2263 Initium
585 2193 761 2285 Evangelii
772 2192 853 2289 Jasu
869 2192 1000 2289 curisti,
1010 2196 1090 2283 ficut
1099 2191 1201 2290 fcrr‘p-

100 2340 104 2355 ·
138 2311 201 2370 tam
216 2297 257 2393 ιβ
272 2299 310 2363 in
330 2294 425 2380 Elaia
439 2295 606 2391 propheta:
634 2294 712 2365 Ecce
732 2319 782 2387 ego
803 2298 901 2365 mitta
923 2296 1078 2387 Angelum
1099 2317 1200 2367 meum

138 2415 212 2469 anta
233 2394 355 2488 faciem
375 2408 463 2464 tuam
473 2404 486 2474 ',
511 2400 567 2490 qui
579 2394 771 2490 preparabit
786 2399 877 2464 niam
896 2413 995 2468 taam.
1047 2398 1119 2468 Vax
1134 2398 1202 2468 cla·

140 2501 258 2569 mantis
277 2500 315 2563 in
338 2494 473 2580 deserta:
503 2498 621 2565 Parare
635 2499 727 2564 viam
742 2494 895 2581 Domini,
922 2493 1021 2565 reflat
1034 2494 1139 2587 facire
1149 2495 1201 2584 se·
1268 2513 1272 2541 '-

136 2604 229 2669 nutas
248 2598 328 2692 ejas,
380 2588 488 2685 Unde
511 2592 603 2667 subit
620 2593 704 2666 mihi
724 2593 904 2680 admirari,
931 2594 1120 2685 quomodo
1134 2595 1201 2687 ,qut

139 2700 177 2772 ab
196 2692 367 2773 Ecclefiae
385 2691 540 2766 decretis
560 2691 788 2773 dissentiunt,
814 2694 969 2768 duorum
986 2691 1200 2771 Testamen.

139 2809 259 2871 torum
284 2795 377 2867 duos
404 2790 553 2865 afferant
578 2792 706 2886 Deos,
733 2794 866 2884 alioqui
891 2814 969 2867 non
992 2816 1116 2888 parum
1141 2796 1199 2869 hia

138 2896 260 2969 verbis
286 2889 456 2965 convidii.
509 2893 584 2989 Qui
602 2888 793 2977 uertentur
811 2891 952 2984 potest,
980 2907 1020 2964 ut
1039 2893 1201 2986 Joannea

137 2992 324 3092 Evangelii
339 2992 381 3065 srt
397 2991 555 3081 initium,
581 3003 622 3064 ut
636 2992 699 3084 ipsr
711 3008 867 3086 ¹putant,
887 2993 931 3067 ad
953 2995 1102 3067 alterum
1119 3012 1200 3089 per.-

136 3097 253 3169 tinena
278 3092 417 3180 Deum,
446 3088 599 3185 Opificia
616 3092 740 3165 muudi
754 3093 867 3171 homo
886 3093 920 3165 da
936 3092 1128 3186 ignoraus,
1150 3105 1200 3169 ut

137 3191 311 3285 afferunt,
335 3208 471 3265 novam
489 3188 685 3266 deitatem?
731 3190 914 3267 'Ceterum
940 3212 1017 3265 non
1039 3213 1115 3265 uno
1136 3214 1211 3281 eo.-¹

136 3316 204 3386 que
222 3292 349 3381 brevi,
376 3305 483 3382 atque
507 3293 602 3364 inter
625 3291 724 3365 solos
745 3291 904 3385 pastores
928 3292 1103 3365 obeundo
1125 3314 1201 3367 mu·

135 3415 224 3469 nere
243 3394 441 3487 funguntur
457 3389 591 3486 Angeli
609 3391 846 3486 evaugelic03
872 3391 929 3467 sed
951 3391 987 3480 in
1007 3389 1080 3465 fine
1095 3388 1201 3464 subli-

134 3495 225 3582 mia3
252 3492 287 3564 δι
305 3491 434 3565 volans
450 3486 613 3584 Angelus
631 3487 868 3587 Evangelium
891 3491 1025 3565 habeus
1044 3512 1201 3582 evange·

134 3594 257 3667 lizabit
282 3589 380 3666 omni
398 3593 563 3684 populo,
590 3593 691 3665 bono
709 3586 815 3662 Patre
834 3609 909 3662 non
931 3591 1083 3665 omnino
1102 3589 1200 3665 dese·

98 3760 101 3765 .
134 3706 240 3768 rente
258 3711 344 3769 eoa,
362 3690 420 3781 qui
435 3711 456 3783 a
471 3690 505 3762 se
520 3688 747 3763 desciverint.
775 3684 899 3783 Itaque
914 3691 1029 3785 inquit
1044 3692 1080 3764 iu
1092 3689 1198 3784 Apo-

136 3791 266 3886 calyph
287 3791 450 3887 Joannes
468 3790 528 3862 ille
546 3787 713 3863 Zebedaei
738 3782 849 3863 filius:
878 3789 927 3861 Ea
950 3792 1021 3885 vili
1041 3794 1199 3884 Angelum

135 3895 365 3987 wlantam'par
380 3890 513 3959 melium
527 3890 785 3970 condimentum
803 3887 1018 3984 Evangelium
1031 3906 1197 3979 arternum,

90 3994 102 4107 l
135 4008 169 4067 at
182 3992 424 4089 evangelizaret
437 3989 760 4091 halitmtilussaper
776 4005 917 4087 terram,
939 3990 979 4072 Φ·-
996 3997 1084 4066 omni
1102 3995 1211 4086 genti,
1264 4061 1269 4067 .

87 4120 99 4221 l

1128 4092 1167 4168 (3
