2817 4575
305 309 693 426 eutolmium
731 323 949 408 roilus.
974 329 1011 410 rr
1133 349 1181 433 ar

123 490 376 585 setprmditum
393 490 584 582 effecisset,
603 491 789 588 perfecisse
804 516 884 571 cum
901 494 1122 592 Evangelio,
1138 512 1183 573 ut

123 595 248 665 omnia
262 589 373 666 essent
386 591 491 666 instar
508 591 702 692 Evangelii.
730 595 887 692 (Neque
903 614 1030 692 praeter
1045 616 1181 691 propo·

124 691 228 768 srtum
241 693 410 785 exemplo
423 708 558 784 uterer,
573 701 632 789 qui
648 711 770 786 pauca.
784 694 831 791 *)
859 697 1017 792 Quando
1031 698 1125 772 enim
1139 697 1181 742 *¹

121 789 207 868 filiis
226 792 411 888 hominum
429 794 617 872 diuinitate
634 792 713 885 sua,
739 796 883 888 ablato,
909 798 1007 888 quod
1025 799 1062 870 in
1079 798 1180 895 Lege

124 889 365 986 &Prophetis
385 907 478 984 erat,
504 895 698 980 velamine,
718 889 834 970 Deum
855 901 961 968 certis
978 898 1179 971 rationibus

123 989 403 1084 ostenditpalam
414 995 768 1088 oculosponcnshis‚
779 993 1180 1088 quisapientiaeejusdis·

123 1091 236 1188 cipuli
251 1092 387 1165 vellent
399 1089 499 1184 lieri,
525 1115 682 1183 quaenam
698 1113 783 1168 vera
794 1092 871 1167 Lex
888 1093 999 1167 Moses
1016 1097 1180 1172 contine·

122 1210 203 1286 ret,
230 1211 383 1282 quorum
401 1193 603 1284 exemplum
621 1193 653 1266 dr
668 1196 829 1268 umbram·
844 1195 1015 1268 colebant
1029 1197 1177 1287 antiqui:

123 1300 162 1374 de
175 1311 334 1388 quanam
348 1289 389 1362 srt
405 1294 534 1364 veritae
549 1312 667 1365 rerum
679 1296 714 1367 in
732 1293 896 1368 Historiis
912 1305 1181 1380 contentarum,

126 1415 204 1494 que
218 1393 255 1466 ln
270 1390 382 1488 figura
399 1395 660 1486 contingebant
674 1394 765 1484 illie,
784 1405 933 1487 propter
948 1414 1017 1467 nos
1036 1391 1180 1488 scripta,

125 1499 168 1574 ad
186 1512 280 1588 quoa
299 1487 389 1563 fines
407 1487 611 1564 seculorum
630 1491 772 1566 dedutti
791 1489 882 1568 sunt.
932 1491 1063 1566 Nullus
1088 1514 1179 1590 ergo

124 1597 167 1673 ad
185 1613 292 1688 quem
309 1589 465 1662 Christus
483 1587 684 1682 accesserit,
712 1593 772 1665 vel
790 1592 827 1676 in
844 1591 1180 1684 Hierosolymorum

123 1699 238 1788 urbe,
265 1691 326 1766 vel
341 1693 379 1765 in
398 1688 646 1764 Samaritarum
663 1705 789 1764 monte
808 1690 925 1765 Deum
949 1693 1096 1766 adorat:
1118 1692 1180 1768 sed

124 1817 208 1878 cum
224 1793 389 1868 didicerit
405 1789 520 1872 Deum
536 1787 693 1882 spiritum
714 1789 808 1883 else,
834 1788 1058 1886 spiritualiter
1070 1793 1180 1872 illum

126 1899 251 1972 colena
265 1891 388 1986 spiritu
404 1890 439 1964 dt
453 1888 628 1980 veritate,
649 1909 725 1963 non
740 1892 886 1983 amplius
903 1891 964 1965 sub
979 1889 1099 1990 figuris
1116 1889 1180 1966 Pa·
1317 1923 1319 1929 ·

123 2013 217 2072 trem
231 1987 474 2067 universorum
492 1988 685 2080 mundique
699 1985 867 2082 opificem
883 1975 1019 2063 adorat.
1060 1987 1180 2090 Quam

126 2097 175 2170 ob
198 2105 373 2168 remonte
390 2089 475 2160 illud
496 2085 752 2184 Evangelium,
780 2089 877 2180 quod
896 2111 960 2182 per
977 2087 1103 2164 Christi
1122 2092 1180 2165 ad·

126 2207 278 2269 rentum
302 2187 352 2264 ell
372 2202 514 2272 ortum,
539 2187 628 2266 nihil
641 2199 761 2262 rerum
771 2189 999 2282 antiquarum
1019 2187 1180 2293 Evange-

125 2299 210 2379 lium
221 2305 317 2367 erat
363 2283 755 2385 -torrouvangmum,
771 2290 935 2380 quod-est
952 2311 1089 2367 novum
1105 2296 1181 2371 Te·

125 2396 357 2475 ilementum,
382 2408 464 2461 cum
487 2408 555 2461 noe
579 2409 598 2461 a
623 2386 802 2469 uetustate
819 2390 946 2465 litterae
966 2393 1180 2495 abduxisset,

126 2494 265 2590 spiritua
283 2492 484 2565 novitatem
507 2496 686 2579 nunquam
707 2483 968 2585 senescentem,
995 2491 1028 2565 dt
1051 2496 1093 2569 ad
1113 2520 1180 2575 no·¹

128 2614 213 2669 vum
227 2590 497 2685 Testamentum
514 2588 660 2681 proprie
679 2590 939 2680 pertinentem,
955 2613 1033 2682 quae
1051 2595 1088 2667 in
1104 2588 1180 2677 oni.

126 2696 230 2771 nibus
245 2688 298 2765 est
316 2686 525 2781 Scripturi's,
540 2686 622 2758 luce
640 2689 858 2783 cognitionis
878 2692 1077 2769 illustravit.
1103 2692 1179 2773 Ne·

128 2786 226 2869 celle·
241 2806 359 2865 autem
385 2776 549 2877 &estid
574 2786 670 2877 quod
696 2786 893 2881 efficiebat,
926 2794 1027 2866 utin
1054 2792 1178 2871 Testae

126 2884 395 2969 mento'veteri
418 2898 603 2979 putaretur
626 2884 861 2986 Evangelium
884 2889 974 2983 esse,
1000 2898 1182 2993 precipue

126 2991 359 3089 Evangellttm
380 2986 557 3079 appellari.
1174 3040 1180 3051 .

196 3115 233 3189 9.
261 3090 431 3163 Attamen
447 3105 522 3158 non
539 3085 773 3180 ignorandum
791 3089 897 3164 nobie
915 3088 965 3163 est
981 3087 1108 3167 Christi
1121 3096 1179 3179 ad·¹

96 3202 102 3279 ἰ
127 3207 301 3280 uentum,
327 3204 514 3275 antequam
539 3204 695 3280 corpore
724 3191 768 3263 ad
790 3207 904 3264 terras
928 3189 1179 3299 descenderet,

128 3288 384 3389 intelligibilem
399 3286 514 3362 multo
530 3300 614 3360 ante
631 3288 758 3364 salium
775 3285 875 3364 fuisse
890 3289 1180 3384 perfodiioribus,

129 3392 344 3479 minimeque
362 3384 541 3478 parvulis,
569 3389 699 3480 quippe
716 3393 774 3480 qui
792 3412 810 3463 a
826 3392 1101 3485 pedagogorum
1120 3414 1180 3467 cu.

130 3506 360 3577 ratonrmque
382 3500 488 3572 cura,
514 3489 682 3561 ac-tutela
701 3490 804 3564 liberi
823 3486 956 3583 client,
982 3490 1031 3561 ob
1049 3496 1179 3573 oculos'

129 3592 300 3667 labentes
323 3580 579 3677 plenitudinem
611 3607 688 3661 eam
712 3590 916 3682 temporis,
954 3607 1032 3678 quae
1055 3609 1180 3671 mente

131 3688 363 3773 cernebatur3
387 3694 429 3755 ut
453 3700 555 3758 erant
578 3686 626 3759 illi
650 3684 885 3781 Patriarchae,
911 3690 945 3762 dc
971 3686 1095 3765 Mosen
1119 3694 1180 3773 ille

130 3786 242 3865 untur
259 3782 409 3871 servus,
435 3800 477 3854 ac
492 3786 618 3877 reliqui
637 3782 848 3883 Propheta,
875 3790 933 3879 qui
957 3784 1084 3864 Christi
1100 3798 1179 3893 gln,·'

130 3884 204 3967 riam
227 3884 467 3975 contemplati
492 3881 580 3957 suot.
631 3880 810 3960 Cetertrm
837 3901 878 3959 ut
902 3900 985 3962 ante
1009 3890 1181 3981 corporat

129 3988 190 4071 lem
203 3990 237 4067 dt
252 3980 478 4065 manifestum
499 3986 691 4060 adventura
715 3988 757 4061 ad
772 3984 950 4080 perfectos
970 3988 1194 4171 eduenesgat,

184 4116 187 4121 ·
233 4106 239 4121 ·
1132 4110 1159 4167 e
