2817 4575
335 367 399 450 ut
435 303 1062 494 Johuuunrouus··1r.
1099 485 1105 497 ι
1144 343 1217 467 2'19
1290 437 1304 453 ,

152 534 238 632 quia
261 533 376 608 vellet
403 535 485 608 eum
507 529 688 607 Elisabeth
708 530 888 627 Joannem
909 534 1106 626 appellare:
1134 552 1241 612 cum·-

151 656 271 710 vero:
299 637 445 732 Jounner
458 637 522 704 erit
539 635 589 703 iah·
605 656 736 720 nornen,
763 629 948 707 Zacharias
969 619 1171 729 scribsisset,
1198 657 1219 709 1

153 729 311 814 molesto
334 735 473 808 silentio
494 734 678 828 liberatur.
731 730 936 806 Invenimus
953 754 1040 828 ergo
1058 736 1095 808 in
1110 737 1219 809 inter·

153 836 362 932 pretatione
389 833 602 926 nominum,
632 834 799 931 Joanaes:
825 831 859 903 &
885 834 1087 909 invenimus
1113 838 1221 929 parti-¹

155 937 298 1027 culam,
328 937 413 1031 Jou,
430 929 582 1008 seorsum
599 930 791 1025 sumptam,
808 930 899 1025 fine,
915 957 988 1019 nes,
1006 936 1103 1026 quod
1124 936 1220 1021 idem
1324 970 1326 973 ·

155 1037 281 1120 ualere
298 1047 484 1128 putamus,
512 1048 619 1124 atque
634 1032 814 1127 Joannes3
842 1033 1009 1122 quoniam
1038 1036 1104 1107 alia
1128 1054 1221 1125 quos

157 1155 228 1228 que
243 1153 384 1208 novum
399 1129 671 1206 instrumentum
688 1131 1088 1209 Hebraeorurnnomina
1104 1155 1221 1231 graece

155 1233 376 1332 reddiderit,
391 1232 508 1306 forma
521 1251 632 1328 graeca
648 1231 892 1324 pronuncians
904 1231 995 1328 ipsa,
1022 1236 1134 1307 veluti
1148 1254 1219 1328 pro
1243 1235 1257 1267 ·“

156 1335 296 1432 Jacob,
323 1331 518 1429 Jacobum3
545 1351 614 1426 pro
639 1330 822 1424 Symeon,
849 1330 1044 1409 Simonem.
1101 1332 1221 1426 Porro

157 1433 347 1512 Zacharias
364 1434 537 1506 memoria
558 1428 628 1505 effe
644 1432 797 1504 dicitur:
825 1428 1006 1506 Elisabeth
1032 1452 1123 1507 vero
1149 1431 1224 1516 Dei

157 1535 230 1632 mei
249 1533 522 1626 jusjurandum,
547 1531 608 1605 vel
633 1530 705 1603 Doi
730 1534 798 1604 mei
824 1532 1022 1624 septimum.
1073 1532 1129 1607 Ex
1150 1553 1225 1609 me·

160 1636 278 1713 moria
299 1634 406 1729 igitur
428 1633 473 1704 de
497 1631 601 1720 Deo,
623 1630 726 1723 juxta
740 1633 984 1723 jusjurandum
1004 1633 1073 1705 Dei
1093 1634 1221 1723 nostri,

161 1734 262 1828 quod
279 1733 416 1826 jruavit
432 1730 627 1808 narrares,
653 1733 795 1826 genitus
816 1730 867 1804 est
879 1734 1039 1827 joannes
1059 1731 1157 1829 (hoe
1172 1734 1226 1809 est

161 1836 277 1934 gratia
299 1854 318 1906 a
338 1832 451 1921 Deo)
473 1845 672 1925 praeparans
697 1829 860 1904 Domino
881 1834 1054 1926 populum
1077 1833 1226 1908 instruc·
1303 1840 1305 1847 '

161 1949 259 2020 tum,
287 1953 368 2007 cum
386 1930 814 2021 vetuslnstrum'entum,
842 1933 939 2021 quod
961 1929 1011 2003 est
1026 1929 1229 2008 sabbatismi

162 2034 396 2124 extremitas,
423 2027 640 2125 pervenisset
658 2030 701 2103 ad
721 2026 841 2104 finem.
893 2032 1017 2125 Quare
1035 2034 1128 2127 gigni
1148 2052 1229 2109 uon

162 2135 288 2238 potuit
316 2133 360 2207 ab
385 2130 611 2207 hebdomada
637 2129 710 2203 Dei
736 2127 859 2202 nostri.
876 2134 1040 2222 requies,
1074 2151 1151 2222 qua
1175 2130 1230 2206 est
1285 2143 1299 2211 ι

163 2231 247 2331 post
264 2232 469 2309 sabbatum:
497 2232 662 2306 nimirum
678 2228 764 2305 Deo
780 2229 977 2306 Servatore
998 2230 1126 2306 nostro
1149 2253 1231 2308 eam

163 2337 398 2431 ingenerante
423 2331 615 2406 secundum
639 2331 800 2422 requiem
829 2327 923 2406 suam
950 2333 987 2409 in
1014 2334 1149 2425 nobis,
1167 2335 1231 2427 qui

164 2432 248 2510 faus
263 2432 379 2508 sumus
396 2432 505 2507 morti
519 2428 624 2526 ipsius
644 2431 876 2525 conformes,
902 2432 936 2505 aa
957 2433 1094 2506 idcirco
1120 2434 1231 2513 etiarn

164 2530 426 2611 resurretiioni.
990 2614 992 2617 ,

244 2642 303 2714 28.
333 2637 400 2706 Hir
411 2634 505 2702 venir
517 2635 553 2700 in
567 2629 799 2725 rrflimunirrm,
821 2646 861 2700 ur
875 2629 1095 2726 testificaretur
1107 2635 1143 2705 de
1154 2636 1233 2720 lare,

167 2753 205 2810 ut
222 2733 330 2805 omnes
347 2734 508 2806 crederent
523 2752 581 2828 par
599 2730 710 2825 ipsum.
764 2730 918 2829 Quidam
939 2753 985 2805 ex
1003 2733 1080 2824 his,
1108 2737 1168 2824 qui
1188 2734 1233 2808 ab

149 2833 338 2913 Ecclesrae
356 2833 510 2907 decretis
534 2828 756 2917 dissentiunt,
785 2831 931 2905 credere
954 2828 988 2905 se
1012 2832 1173 2907 dicentes
1195 2837 1235 2911 in

170 2933 369 3021 Christum,
397 2931 430 3005 dr
451 2953 497 3005 eo
520 2930 618 3022 quod
636 2926 773 3027 fingant
788 2930 907 3004 Deum
931 2931 1035 3006 aliurn
1056 2931 1237 3011 diversum

172 3033 338 3111 amandi
362 3033 602 3123 fabricatore,
628 3043 669 3101 ut
696 3029 748 3102 est
773 3029 853 3123 iphs
882 3027 1130 3126 consequens,
1156 3054 1236 3111 non

144 3214 147 3219 ,
170 3135 403 3211 admittentes
423 3133 618 3205 adventum
640 3127 745 3222 iphus
772 3150 791 3201 a
812 3128 1003 3229 Prophetis
1022 3135 1238 3224 praenuntia·

164 3246 249 3321 tum
274 3229 396 3322 fuiiie,
422 3229 632 3306 subvertere
654 3242 833 3305 conantur
857 3226 1119 3324 Prophetarum
1141 3233 1238 3307 testi·

170 3336 297 3411 monia
316 3334 360 3406 de
379 3331 547 3417 Christo,
573 3330 760 3419 dicentes,
787 3349 879 3421 opus
900 3350 976 3404 non
998 3331 1069 3406 eise
1089 3332 1239 3408 testibus

172 3432 252 3512 filio
272 3433 362 3507 Dei:
388 3446 428 3504 ut
451 3433 508 3524 qui
528 3426 635 3520 fidem
655 3427 718 3502 irbi
737 3432 967 3513 conciliaret,
994 3445 1069 3506 tum
1087 3456 1133 3506 ex
1152 3429 1241 3507 salu-

176 3537 313 3609 tan'bus
331 3532 572 3621 sermonibus,
592 3528 690 3622 quod
710 3528 969 3625 denunciabat,
986 3534 1151 3624 potentia
1167 3535 1243 3627 ple·
1291 3537 1299 3549 '

174 3636 252 3728 nis,
279 3649 355 3708 tum
379 3652 424 3704 ex
443 3628 653 3734 prodigiosis
674 3627 707 3703 ἃ
726 3630 938 3704 admirandis
954 3634 1147 3725 operibus,
1162 3656 1242 3728 quae

176 3736 240 3808 uel
255 3732 462 3827 ¹quemlibet
483 3753 529 3802 ex
547 3731 582 3801 se
599 3745 799 3822 perterrere
821 3743 1016 3823 poterant3
1045 3733 1078 3806 δι
1098 3734 1244 3813 dicunt:

177 3834 213 3912 Si
229 3831 327 3909 Mosa
343 3832 466 3905 habita
484 3831 557 3904 fuit·
571 3827 682 3920 fides,
698 3827 870 3904 sermonis
887 3834 1104 3943 virtutisque
1116 3840 1244 3933 gratia,

176 3936 285 4018 nuliis
296 3932 438 4029 praeviis
453 3928 693 4025 testibus,qui
708 3929 818 4022 ipsum
836 3935 1093 4009 annunciarent
1108 3939 1250 4031 egenti,

175 4035 410 4136 atqueetiam
425 4030 687 4134 Prophetarum
702 4033 1274 4201 unusquisquereceptuaapu·

157 4152 160 4157 ·
525 4180 526 4185 a
643 4152 646 4157 ·
867 4178 876 4185 -
1138 4143 1244 4228 pua
