2817 4575
316 375 380 452 ru
417 359 711 473 Josunsn
749 371 960 454 sonus
997 371 1072 454 vt
1129 384 1237 474 3⁸9·

136 535 438 635 magisexhibere
455 537 694 634 tangendum,
721 552 887 624 tanquam
907 539 965 629 qui
986 557 1051 630 per
1070 536 1198 632 ulysse·

135 644 231 714 rium
251 639 413 732 pullionis
440 639 653 731 baptismum
677 634 841 709 sumsisset
865 635 1071 731 perseslunr.
1126 637 1197 712 Sed

140 741 330 833 quoniam,
356 754 398 811 ut
412 737 657 828 praediximus,
670 739 775 808 rebus
794 737 959 810 adversus
973 735 1196 820 adversarior

138 840 309 933 praeclare
329 836 455 934 gestis,
488 856 581 930 opus
609 836 762 910 habebat
790 841 909 918 lavare
930 841 967 908 in
990 845 1068 908 rino
1088 837 1198 933 sillam
1273 835 1276 842 '

129 942 243 1029 suam,
266 939 306 1014 0
326 942 362 1008 r'rr
383 938 534 1030 Anguinr
560 947 631 1006 ive
653 938 871 1031 vefir'marrrum
891 938 1005 1025 suun,
1038 936 1196 1012 lscendit

135 1040 181 1112 ad
195 1037 390 1132 agricolam
411 1056 505 1109 verre
520 1038 612 1109 illius
629 1037 725 1116 vitis,
744 1057 874 1129 nempe
889 1035 1045 1128 Patrem,
1063 1052 1104 1116 ut
1121 1038 1196 1111 illic

133 1142 254 1223 lotus,
280 1136 466 1231 postquam
481 1133 687 1210 ascendisset
703 1135 740 1208 in
757 1140 885 1226 altum,
914 1138 1095 1229 captivata
1112 1157 1195 1232 cap·

132 1238 279 1312 tivitate
297 1237 550 1327 descenderet,
576 1237 674 1308 varia
691 1234 809 1309 serens
827 1237 1049 1321 charismata,
1066 1255 1195 1332 nempe

133 1334 261 1410 divisas
285 1334 470 1428 Apostolis
495 1334 632 1428 linguas
659 1335 772 1410 veluti
791 1336 935 1430 igneas,
962 1351 1069 1425 atque
1087 1338 1193 1410 etiam

132 1436 178 1509 ad
203 1435 345 1509 futuros
361 1435 399 1508 in
418 1435 515 1508 omni
541 1431 680 1508 sitione
699 1433 837 1510 sanilos
856 1431 1040 1530 Angelos,
1068 1437 1195 1507 libers·

103 1527 236 1608 ’turos
251 1532 358 1626 ipsos.
408 1531 510 1620 Ante
524 1533 585 1608 hals
606 1534 994 1626 enimdispensationes
1015 1531 1193 1626 purificati

131 1634 295 1710 nondum
313 1653 396 1708 cum
420 1632 554 1727 essent,
582 1653 731 1726 capaces
754 1654 830 1708 non
847 1648 949 1707 erant
967 1635 1193 1731 Angelorum

132 1733 178 1808 ad
198 1733 232 1807 se
248 1735 448 1826 adventus,
475 1731 691 1832 fortasis-ne
707 1732 853 1829 Angelis
874 1735 1014 1824 quidem
1032 1734 1111 1827 ipsis
1133 1733 1192 1808 ad·

130 1832 203 1908 else
227 1835 435 1908 volentibus
451 1832 524 1910 his,
550 1833 609 1922 qui
624 1832 786 1907 noudum
806 1835 944 1924 optime
960 1832 1109 1907 instituti
1130 1855 1193 1931 pu·

131 1930 331 2025 rilicatique
349 1954 368 2005 r
385 1928 467 2028 Jesu
485 1930 635 2007 fuissent.
687 1931 805 2005 Solius
824 1934 917 2005 enim
935 1931 1014 2026 Jesu
1034 1932 1194 2029 benignis

131 2034 216 2106 tatis
235 2046 312 2104 erat
333 2031 415 2105 cuni
430 2031 697 2125 peccatoribus,
713 2033 746 2104 ἀ
765 2032 960 2125 publicanis
979 2032 1193 2105 manducare

131 2135 166 2206 dt
184 2134 330 2222 bibere,
356 2146 463 2222 atque
478 2130 560 2206 suos
574 2131 679 2226 ipsrus
699 2131 808 2223 pedes
826 2133 985 2223 praebere
1000 2132 1192 2224 lachrymis

97 2230 363 2326 ‘respiscentis
393 2233 626 2326 peccatricls,
660 2232 693 2305 dt
718 2231 761 2305 ad
789 2245 943 2307 mortem
978 2251 1091 2322 usque
1122 2249 1191 2325 pro

127 2334 245 2427 impiis
267 2333 503 2423 descendere,
529 2354 605 2405 non
625 2334 782 2425 rapinam
806 2333 1036 2407 arbitrantem
1061 2329 1095 2404 se
1118 2329 1191 2407 esse

129 2434 303 2522 aqualem
321 2429 427 2521 Deo,
454 2432 719 2504 &insolentem
738 2429 979 2523 semetipsum,
1007 2429 1097 2504 servi
1118 2430 1194 2505 for·
1230 2491 1232 2495 .

131 2554 188 2607 ma
206 2531 327 2606 sumta.
379 2529 467 2603 Haee
483 2543 601 2604 autem
618 2530 738 2603 omnia
753 2529 966 2625 perficiens,
992 2528 1106 2608 Patris
1120 2552 1194 2609 ma·
1312 2522 1314 2533 '

129 2633 183 2729 gis
213 2631 452 2704 voluntatem'
466 2628 576 2723 ipsum
601 2628 772 2701 tradentis
798 2649 876 2724 pro.
889 2631 1003 2725 impiis
1028 2628 1192 2725 persicie-¹

94 2726 98 2731 ’
131 2734 337 2823 bat,quam
354 2729 445 2804 suam
461 2728 576 2823 ipsius.
602 2728 726 2801 Bonus
743 2731 874 2802 etenim
895 2728 945 2801 est
964 2728 1087 2818 Pater3
1114 2728 1194 2803 Ser·

130 2823 370 2931 vatoruerd
387 2829 505 2925 imago
533 2824 586 2901 est
610 2829 785 2903 bonitatis
814 2829 938 2922 ipsius:
972 2848 1085 2921 porro
1120 2831 1193 2905 tots

129 2931 267 3009 mundo
292 2927 408 3002 officia
432 2925 647 3021 conferens,
673 2928 842 3021 quoniam
870 2928 968 3001 Deus
987 2931 1023 3001 in
1049 2924 1191 3003 Christo

129 3030 302 3115 mundum
317 3029 377 3101 fibi
394 3028 456 3121 ipsi
473 3029 710 3113 reconciliat,
736 3041 842 3107 antea
859 3043 1009 3121 propter
1024 3028 1193 3111 malitiam

130 3132 313 3207 inimicum
334 3126 486 3221 sailum,
511 3142 586 3202 tum
612 3129 692 3212 via,
711 3141 795 3207 ,tum
815 3128 943 3203 ordine
964 3126 1081 3211 officia
1103 3149 1193 3207 con·

130 3230 203 3304 fert
231 3231 283 3302 his
306 3231 437 3315 rebus,
460 3229 496 3300 in
520 3248 606 3320 quas
626 3224 700 3326 ipse
720 3222 896 3302 beneficia
919 3227 1087 3319 confert,
1114 3250 1193 3305 non

130 3322 252 3403 subito
278 3328 455 3420 accipiens
479 3324 669 3401 scabellum
693 3324 848 3420 pedum,
874 3349 1005 3423 nempe
1025 3328 1199 3402 inimicos¹

131 3450 272 3503 omnes.
324 3428 425 3499 Dicit
443 3427 539 3501 enlm
570 3426 614 3500 ad
637 3424 748 3520 ipllrm
774 3428 1052 3522 uniuscujusque
1080 3426 1193 3501 nollri

129 3527 330 3603 Dominum
348 3525 474 3600 Pater:
491 3528 612 3598 -Sedra
627 3528 751 3598 dextris
766 3535 863 3609 meis,
890 3531 981 3599 donec
997 3528 1108 3601 naam
1126 3530 1193 3599 lni-

129 3636 222 3701 mieos
237 3644 305 3697 ruas
315 3627 478 3714 [tehillim
490 3629 600 3724 pedum
615 3644 750 3702 tuorum.
802 3625 850 3699 Et
868 3627 943 3699 haec
961 3622 1054 3701 fiunt
1072 3625 1194 3719 quoad

130 3731 278 3805 ultimus
305 3726 491 3818 inimicus,
517 3748 648 3820 nempe
671 3746 793 3818 mors,
827 3725 971 3819 abipso
998 3723 1193 3803 destruetur

129 3828 251 3904 suerit.
281 3822 315 3896 Si
334 3845 426 3900 vero
441 3820 743 3902 consideravimus
761 3824 843 3919 quid
860 3826 901 3900 fit
915 3822 1038 3928 subjici
1050 3821 1193 3902 Christo

131 3928 156 4025 (
165 3925 273 4017 idque
297 3927 448 4000 maxime
469 3945 515 4007 ex
535 3926 603 4000 illis
622 3926 761 4003 verbisa
799 3931 877 3997 Cum
892 3944 998 3998 aurem
1019 3928 1072 4021 ἱρῇ
1088 3930 1195 3995 omnia

124 4024 269 4137 [eljriia
282 4023 430 4125 fuerim,
455 4040 536 4101 lunt
553 4026 935 4213 igsrssssslius'frljiciatrlr
950 4034 1006 4118 ai,
1021 4032 1077 4131 qui
1089 4028 1208 4215 rugio

711 4148 734 4238 3
1163 4142 1184 4185 t
