2817 4575
85 174 91 424 i
312 291 375 374 in
415 289 1039 394 Josnnentonu,ser.„=-
1107 315 1200 414 ἠ..
1294 323 1299 344 ·

132 458 262 538 divino
287 453 505 532 adheserunt
527 458 675 541 verbo,
707 457 923 532 constituere
938 457 1011 534 iiia
1045 474 1200 546 centum.
1223 543 1245 556 ,Ι
1286 477 1290 487 ’

133 558 365 654 quadriginti
381 573 535 649 quatuor
555 556 663 632 mitiis
682 577 834 650 eorum,
862 559 921 650 qui
938 577 1018 632 cum
1037 560 1192 633 mulieri·

132 661 200 734 bus
217 677 296 730 non
310 657 391 731 sunt
408 657 645 746 coinquinati:
666 657 756 728 adeo
772 674 811 729 ut
831 673 847 726 s
868 657 1022 730 veritate
1041 679 1116 730 non
1133 657 1199 738 ab-'

132 771 252 848 erret,
286 757 344 848 qui
367 757 454 829 dicit
470 756 639 849 primitiis
658 758 830 846 cujusque
850 758 961 830 tribus
984 753 1053 830 eiie
1081 758 1193 854 virgi.

89 901 92 906 ·
131 875 199 934 nes
216 858 336 950 ipiius.
385 855 478 928 Nam
497 851 737 950 subjungitur:
769 860 815 925 Ηι·
832 862 928 950 empti
940 857 1192 943 sunrexbonriss
1253 887 1256 893 ·

131 959 226 1029 nibus
239 960 394 1055 primitia
415 962 479 1027 neo
494 952 532 1030 (5
555 961 660 1046 Agna,
684 956 725 1030 0
746 960 783 1024 in
798 980 849 1024 ore
870 979 1055 1027 esrum-nom
1077 957 1116 1051 ιβ
1139 962 1196 1028 im.
1293 968 1295 972 '

134 1073 273 1128 ventum
286 1058 496 1140 mordacium,
524 1055 803 1150 irreprehensibiles
819 1062 903 1124 enim
915 1056 1004 1142 [unt.
1036 1051 1074 1128 N
1077 1077 1125 1129 on
1139 1052 1194 1151 est

135 1173 256 1232 autem
270 1157 516 1251 ignorandum,
531 1149 729 1227 sermonem
746 1155 788 1225 de
804 1169 947 1228 centum
959 1154 1190 1252 quadraginta¹

89 1265 94 1284 ¹
134 1271 292 1348 quatuor
309 1254 462 1326 millibus
482 1254 656 1346 virginum
675 1257 903 1349 anagogicam
918 1255 1192 1345 interpretatio·

134 1373 217 1427 nem
235 1354 421 1444 recipere3
449 1351 660 1444 superfluum
683 1372 911 1445 vesonum,
939 1366 1046 1442 atque
1068 1357 1115 1425 nb
1133 1353 1195 1426 .in·'

134 1451 255 1526 stitnta
279 1450 516 1543 disputatione
543 1453 694 1524 alienum
720 1448 790 1531 est,
817 1450 1073 1544 Prophetarum
1095 1448 1191 1523 testi·
1234 1469 1240 1496 ⁴

93 1561 98 1588 '
134 1555 256 1628 monia
276 1571 481 1647 apponere,
507 1550 693 1640 queidem
715 1552 760 1623 de
786 1550 849 1638 iis,
876 1554 935 1643 qui
956 1571 1000 1624 ex
1022 1553 1191 1646 gentibus

135 1651 386 1741 crediderunt,
412 1669 481 1720 nos
499 1649 643 1722 docent.

210 1770 240 1842 3.
272 1747 370 1842 Quid
387 1761 505 1822 autem
526 1749 600 1821 baec
625 1747 744 1820 omnia
761 1747 822 1822 srbi
843 1747 979 1841 velint,
1006 1746 1101 1822 dices
1150 1747 1190 1824 in

94 1889 98 1902 ·
135 1847 211 1924 baec
227 1846 352 1940 scripio
369 1848 553 1934 incidens,
581 1864 605 1917 o
630 1845 816 1938 Ambrosr,
843 1868 930 1922 vere
954 1851 1067 1921 bomo
1097 1803 1190 1940 fici,

134 1945 168 2021 dt
190 1949 303 2022 homo
322 1949 358 2020 in
381 1944 545 2032 Christo,
573 1944 605 2016 dr
629 1948 687 2035 qui
708 1964 774 2038 pro
793 1949 886 2019 virili
911 1946 1099 2020 contendis
1119 1945 1192 2020 eii'e

134 2045 343 2140 spiritualis,
368 2065 438 2117 nec
452 2046 600 2137 emplius
618 2045 742 2118 bomo.
794 2046 865 2117 Alii
885 2047 1024 2136 quidem
1044 2044 1122 2117 sunt
1143 2065 1191 2117 ex

134 2147 322 2237 tribubus,
348 2149 408 2236 qui
424 2143 578 2217 decimas
601 2144 634 2216 ἃ
652 2145 824 2236 primitias
842 2143 1004 2236 offerunt
1020 2146 1104 2218 Deo
1126 2162 1191 2246 per

134 2241 283 2321 Levites
309 2241 343 2319 u
367 2243 602 2337 Sacerdotes,
627 2263 707 2317 cum
725 2256 844 2317 tamen
864 2244 926 2338 ipsi
945 2245 1051 2318 nuliis
1071 2242 1191 2329 frutus.¹

135 2356 190 2419 tnt
207 2344 357 2418 decimis
375 2358 435 2416 aut
454 2345 625 2435 primitiis.
677 2342 816 2416 Levitae
836 2340 995 2431 serm&
1014 2340 1190 2417 Sacerdo-

99 2446 103 2457 '
136 2438 186 2519 tes
204 2446 244 2518 in
261 2444 429 2519 omnibus
447 2443 590 2515 decimis
608 2440 769 2515 fruentes
788 2442 1015 2536 deprimitis,
1033 2442 1116 2514 Deo
1131 2442 1191 2515 de·

139 2546 263 2631 times,
298 2556 405 2631 atque
428 2544 533 2615 etiem
563 2540 632 2636 (ut
655 2544 814 2635 opinor>
837 2542 1004 2636 primitias
1029 2540 1190 2615 offerunt
1307 2586 1313 2605 ,

136 2662 195 2737 per
217 2638 453 2715 Pontificem:
481 2641 609 2713 eodem
635 2641 748 2715 modo
778 2644 981 2733 complures
1002 2662 1046 2713 ex
1067 2642 1189 2733 nobis,

137 2743 191 2835 qui
202 2741 247 2815 ad
266 2738 394 2813 Christi
414 2737 627 2831 disciplinam
638 2738 873 2828 ecteiierunt,
889 2742 1013 2831 maiori
1031 2761 1075 2813 ex
1088 2754 1189 2831 parte

136 2844 174 2915 td
193 2844 281 2913 vitae
300 2836 407 2937 hujus
428 2840 572 2932 negotia
597 2836 748 2927 attenti,
775 2860 904 2930 paucas
921 2833 1079 2913 afflones
1105 2839 1187 2911 Deo

136 2939 355 3029 offerentes,
381 2936 524 3011 fortsiie
544 2937 623 3011 sunt
641 2940 681 3010 iis
699 2938 845 3026 similes,
872 2938 930 3029 qui
956 2959 999 3010 ex
1024 2938 1187 3008 tribubus

85 3094 87 3107 .
136 3042 255 3135 parum
269 3039 538 3111 communicent
552 3056 632 3110 cum
644 3035 912 3123 Sacerdotibus,
931 3034 964 3108 dt
983 3037 1103 3128 paucis
1116 3036 1190 3109 cul·

85 3175 89 3213 ι
137 3152 234 3212 tores
256 3138 327 3210 Dei
343 3138 518 3212 nutriunt.
551 3138 624 3231 Qui
641 3155 732 3207 vero
752 3137 876 3209 divino
890 3137 996 3208 dicati
1014 3133 1092 3207 sunt
1108 3154 1190 3208 vem·

85 3272 91 3317 r
138 3238 206 3327 bo,
233 3237 269 3308 dt
291 3241 329 3309 in
355 3232 432 3312 solo'
451 3235 520 3307 Dei
539 3237 639 3307 cuitu
658 3235 794 3309 sincere
814 3236 1042 3330 legitimeque
1063 3236 1190 3307 immo·

85 3392 92 3409 .
139 3354 273 3429 rentur,
293 3336 432 3425 Levitae
450 3334 735 3425 Sacerdotesque
754 3336 877 3407 vocari
891 3347 1076 3428 poterunt,
1086 3334 1190 3424 juxta
1244 3399 1253 3425 ,

85 3470 94 3517 r
139 3434 378 3523 differentiam
397 3453 521 3509 eorum
546 3446 707 3506 motuum
726 3434 759 3507 ds
777 3433 976 3529 titionum,
1003 3452 1080 3525 quae
1102 3433 1188 3525 huc,

85 3592 96 3607 .
139 3532 345 3629 uillarum,
372 3533 547 3624 quaeilluc
564 3531 730 3625 spetiant.
780 3528 944 3607 Fortaiiis
961 3547 1100 3624 sutem,
1129 3532 1190 3622 qui

85 3642 98 3718 ς’
140 3636 277 3709 ceteris
292 3630 358 3707 sue
372 3634 484 3705 aetatis
501 3634 703 3706 bominibus
725 3634 860 3705 virtute
872 3630 1052 3724 braestanr,
1068 3630 1190 3705 summi

85 3772 97 3825 ς
135 3728 353 3823 ¹Sacerdotes
372 3746 486 3813 erunt,
502 3735 605 3824 juxta
624 3731 780 3805 beronis
800 3732 977 3821 ordinem,
999 3751 1073 3802 non
1087 3731 1191 3821 juxte

85 3825 90 3841 '
142 3836 302 3907 ordinem
323 3828 600 3907 Melchisedech.
651 3830 765 3925 Quod
784 3826 810 3903 b
831 3832 908 3920 quis
931 3829 1096 3922 objiciet,
1121 3850 1190 3903 nos

85 3992 98 4011 .
142 3938 252 4033 minus
269 3934 308 4005 in
322 3931 471 4025 hospis
487 3927 635 4025 sentire,
649 3932 747 4025 quod
763 3927 885 4033 summi
903 3930 1195 4030 sucerdotisnoq

186 4034 337 4131 Originis
357 4022 444 4107 Tem.
462 4022 595 4106 Xtit·
791 4022 822 4107 b
1064 4032 1193 4105 men'
1253 4040 1256 4046 ’
