2817 4575
210 303 213 308 ⁵
347 286 412 444 tu
449 343 1067 461 Jonnnnmuomutt*
1134 363 1224 462 ms

165 531 265 605 nium
288 526 384 622 apud
409 524 547 599 Patrem
569 523 757 615 declarat,
775 521 992 597 obsecrantis
1020 546 1089 619 pro
1111 525 1225 604 homi·

166 650 254 706 num
279 643 425 717 natura,
453 626 486 702 iit
512 644 589 698 eam
613 624 789 716 expientis
812 637 918 716 atque
939 627 1162 719 advocatus,
1188 628 1223 701 δι

136 745 139 752 ‘
166 725 671 824 propitiariotrpropiriator:
698 725 732 793 ἃ
748 724 964 798 advocatum
983 728 1123 816 quidem
1136 747 1225 801 nun·

168 842 278 932 cupat
295 847 376 903 eum
392 827 550 921 Joannee
568 825 604 898 in
620 820 779 918 Epistola
792 822 849 894 sua
864 823 1005 898 dicens:
1032 830 1070 897 Si
1082 851 1225 923 peccave·

164 935 215 1001 rit
237 933 327 1025 quis,
353 927 539 998 advocarunt
561 913 705 994 onnon
730 924 813 1021 opud
843 923 966 997 Patrem
992 928 1102 1020 Jesum
1129 930 1226 998 cort·
1257 997 1259 1001 .

162 1031 246 1129 stom
267 1028 394 1121 jurium.
445 1024 590 1097 Dicitur
612 1025 718 1098 etiam
742 1022 953 1118 propitiatio
971 1029 1015 1099 ab
1038 1030 1165 1104 eodem
1187 1030 1225 1105 in

169 1113 294 1202 eadem
320 1123 495 1221 Epistola:
524 1123 571 1196 Et
594 1125 647 1195 tric
670 1129 858 1222 propitiatio
880 1124 921 1220 epi
936 1146 995 1223 pro
1014 1133 1149 1218 percotis
1171 1152 1225 1202 tto·
1286 1125 1289 1132 '

163 1230 253 1329 Jiris.
282 1227 451 1300 Similiter
467 1228 503 1296 in
520 1221 679 1316 Epistola
697 1224 740 1297 ed
754 1223 963 1319 Romanos,
989 1227 1228 1321 propitiator:

171 1335 276 1426 Quem
292 1327 450 1425 proposuit
472 1330 556 1396 Deus
569 1329 807 1424 propitiatorem
821 1325 1000 1422 perfidem,
1026 1329 1126 1421 cujus
1142 1348 1227 1420 pro·

168 1428 342 1524 pitiatorii
367 1440 443 1499 erat
464 1429 587 1500 umbra
609 1425 767 1516 quaedam
787 1445 931 1501 aureum
948 1426 1036 1500 illud
1058 1431 1229 1523 propitia·
1292 1420 1296 1442 '

130 1541 134 1548 ·
169 1529 303 1601 torium
332 1527 474 1599 duobus
501 1524 701 1621 impositum
731 1522 913 1599 Cherubin
942 1528 982 1600 in
1005 1526 1158 1620 intima,
1193 1528 1228 1603 δι

170 1626 294 1702 Sentio
317 1623 526 1699 ianitorum.
580 1624 864 1722 Quomodonam
891 1645 984 1698 vero
1006 1626 1234 1721 advocatur,-

170 1728 205 1800 ἀ
227 1727 464 1820 propitiatio,
489 1726 687 1798 tumetium
708 1725 998 1816 propitiatorium
1019 1724 1089 1800 effe
1113 1726 1230 1819 poffet
1266 1816 1268 1822 ,

171 1827 270 1922 Jesus
293 1828 427 1917 absque
446 1824 517 1897 Dei
541 1826 729 1916 potentia,
756 1845 832 1913 que
857 1823 1010 1898 nostram
1035 1828 1159 1899 ebolet
1178 1828 1230 1899 in·

170 1924 397 2008 firmitatem,
425 1926 457 1995 ἁ
479 1926 614 2015 quaein
637 1924 859 1997 credentium
877 1926 1015 1997 animos
1033 1925 1170 2018 influit,
1197 1927 1231 2001 δι

173 2047 194 2100 a
215 2026 297 2122 Jesu
321 2023 617 2114 subministratur,
643 2023 702 2115 qui
726 2044 766 2095 ea
785 2022 884 2117 prior
902 2021 971 2114 est,
1000 2044 1080 2096 cum
1101 2026 1142 2097 stt
1159 2024 1233 2119 ipsa

172 2125 243 2200 Dei
264 2127 453 2221 potentia,
479 2144 543 2216 per
571 2144 674 2216 quem
699 2127 806 2194 etiam
832 2122 927 2194 dieat
943 2124 1088 2214 aliquit:
1117 2130 1234 2199 Omnia

171 2225 287 2325 poffum
307 2247 364 2324 per
391 2225 567 2322 Christum,
594 2230 650 2322 qui
674 2247 722 2293 me
747 2219 952 2294 corroborat?
1000 2227 1236 2322 Quapropter

170 2328 358 2405 Simonem
384 2325 528 2417 quidem
555 2326 654 2398 ilium
677 2345 842 2419 magnum
868 2321 1014 2416 seipsum
1042 2329 1235 2418 praediean·
1306 2410 1309 2415 .

174 2442 249 2507 tem
266 2426 336 2501 effe
353 2428 552 2521 potentiam
568 2426 659 2518 Dei,
681 2445 758 2516 quae
776 2438 931 2497 vocatur
943 2446 1087 2520 magna,
1109 2426 1241 2505 scimus.

176 2547 352 2602 unacum
378 2523 442 2598 suo
468 2539 616 2620 argento
642 2525 679 2596 in
704 2524 906 2607 interitum,
940 2523 1237 2617 &perditionem

178 2626 315 2718 obiiti'e:
340 2644 409 2701 nos
429 2646 520 2696 vero
542 2622 716 2697 Christum
740 2644 827 2695 vere
853 2619 923 2694 Dei
947 2628 1148 2718 potentiam
1166 2625 1237 2701 effe

178 2728 358 2819 fatentes,
385 2744 607 2817 quaecunque
626 2742 684 2795 ret
701 2722 740 2795 vi
762 2722 922 2819 pollent,
946 2723 1051 2819 ipsius
1073 2725 1141 2800 ess'e
1159 2745 1249 2822 pat·¹

137 2858 140 2863 ·
180 2830 308 2923 ticipes
322 2823 519 2921 persuasum
536 2825 718 2898 habemur.
928 2880 930 2887 .

255 2950 314 3021 39.
341 2925 431 2998 iilud
455 2940 573 2998 autem
595 2923 737 3001 silentio
754 2939 831 2994 non
847 2925 1156 3019 praetereundum,
1182 2924 1205 3024 J
1227 2961 1241 2984 ·
1326 2924 1336 2997 .¹

182 3026 343 3103 sum'Dei
358 3024 562 3119 sapientiam
580 3025 712 3098 merito
734 3019 904 3116 existere,
931 3023 1072 3099 &bene
1093 3028 1142 3102 ob
1160 3043 1243 3103 teu·

183 3122 252 3202 sam
267 3128 342 3199 hoc
360 3125 508 3199 numine
524 3124 713 3218 appellari:
739 3119 871 3213 quippe
885 3142 966 3199 curn
985 3145 1061 3199 nou
1085 3125 1261 3207 inpurus·

184 3224 382 3301 visionibus
405 3225 501 3310 Dei,
537 3220 706 3295 &Patris
737 3219 987 3319 universorum
1018 3216 1250 3303 substauti'e'm'

160 3326 316 3401 thebert
335 3325 505 3419 sapientia
529 3321 664 3416 ipius,
695 3317 844 3415 perinde
869 3334 978 3417 atque
997 3326 1245 3418 phantesmata

186 3426 448 3523 cogitationum
473 3423 716 3496 humanarum.
767 3421 881 3517 Quod
906 3420 930 3497 fi
956 3425 1033 3515 quis
1051 3424 1172 3520 potest
1193 3424 1247 3498 in·
1332 3467 1335 3473 ·

188 3545 402 3618 corpoream
419 3522 642 3596 substantiam
658 3520 835 3595 variarum
853 3520 1151 3617 speculationum,
1170 3540 1248 3617 qum

130 3640 132 3713 ξ
190 3628 351 3701 omnium
366 3623 528 3701 rationes·
543 3622 755 3713 continent,
777 3621 987 3714 viventem,
1005 3623 1162 3698 &veluti
1177 3623 1249 3698 ani·

130 3726 132 3743 ²
189 3743 324 3805 matam·
350 3722 601 3813 considerare,
630 3721 661 3795 ie
688 3721 794 3814 plane
825 3719 913 3797 sciet
943 3722 1015 3796 Dei
1044 3720 1250 3817 sapientiam

130 3828 146 3934 i
192 3829 291 3899 omni
315 3835 476 3898 creatura
498 3824 606 3917 longe
629 3818 872 3916 prestantem,
899 3840 942 3893 ae
963 3823 1058 3895 bene
1077 3825 1122 3896 de
1137 3819 1253 3917 ‘seipse

130 3936 133 4005 1
194 3927 332 4008 diceret
360 3926 447 3994 Deus
462 3929 582 3993 creauit
599 3945 646 3992 me
661 3925 794 3996 initium
808 3919 1094 4011 uiarumsssuetutm
1110 3925 1253 4020 odoptre

159 4062 162 4067 ·
196 4036 292 4131 eju,-
320 4041 394 4124 ptr.
410 4040 513 4119 quam
535 4023 756 4200 meatiorgm
779 4023 903 4121 potuit
929 4024 1071 4120 querit
1098 4036 1276 4196 exuetere

242 4148 248 4163 1
290 4162 293 4167 ,
523 4150 527 4159 .
743 4135 765 4217 *5
1144 4196 1147 4205 Ι
1170 4138 1202 4195 Q
1226 4157 1244 4178 ,
