<?xml version="1.0" encoding="UTF-8"?>
<!DOCTYPE html PUBLIC "-//W3C//DTD XHTML 1.0 Transitional//EN"
    "http://www.w3.org/TR/xhtml1/DTD/xhtml1-transitional.dtd">
<html xmlns="http://www.w3.org/1999/xhtml" xml:lang="en" lang="en">
 <head>
  <title>
</title>
<meta http-equiv="Content-Type" content="text/html;charset=utf-8" />
  <meta name='ocr-system' content='tesseract 3.04.00' />
  <meta name='ocr-capabilities' content='ocr_page ocr_carea ocr_par ocr_line ocrx_word'/>
</head>
<body>
  <div class='ocr_page' id='page_1' title='image "./operaomniasanct07unkngoog_0593.png"; bbox 0 0 2817 4575; ppageno 0'>
   <div class='ocr_carea' id='block_1_1' title="bbox 216 335 1320 523">
    <p class='ocr_par' dir='ltr' id='par_1_1' title="bbox 216 335 1320 523">
     <span class='ocr_line' id='line_1_1' title="bbox 216 335 1320 523; baseline 0.04 -76"><span class='ocrx_word' id='word_1_1' title='bbox 216 337 249 424; x_wconf 79' lang='lat' dir='ltr'><strong><em>J</em></strong></span> <span class='ocrx_word' id='word_1_2' title='bbox 305 341 318 356; x_wconf 84' lang='grc'>’“</span> <span class='ocrx_word' id='word_1_3' title='bbox 351 381 417 470; x_wconf 79' lang='lat' dir='ltr'>uu</span> <span class='ocrx_word' id='word_1_4' title='bbox 451 381 745 523; x_wconf 79' lang='lat' dir='ltr'>Joanuru</span> <span class='ocrx_word' id='word_1_5' title='bbox 781 338 990 465; x_wconf 82' lang='lat' dir='ltr'>aomos</span> <span class='ocrx_word' id='word_1_6' title='bbox 1025 385 1114 498; x_wconf 52' lang='lat' dir='ltr'>x„</span> <span class='ocrx_word' id='word_1_7' title='bbox 1171 392 1244 486; x_wconf 77' lang='lat'>4⁶5</span> <span class='ocrx_word' id='word_1_8' title='bbox 1311 335 1320 350; x_wconf 47' lang='lat'><em>⁰</em></span> 
     </span>
    </p>
   </div>
   <div class='ocr_carea' id='block_1_2' title="bbox 149 544 1329 4242">
    <p class='ocr_par' dir='ltr' id='par_1_2' title="bbox 149 544 1329 4242">
     <span class='ocr_line' id='line_1_2' title="bbox 169 544 1295 651; baseline 0.002 -21"><span class='ocrx_word' id='word_1_9' title='bbox 169 549 309 651; x_wconf 75' lang='lat' dir='ltr'>photio</span> <span class='ocrx_word' id='word_1_10' title='bbox 325 551 449 642; x_wconf 78' lang='lat' dir='ltr'>seriem</span> <span class='ocrx_word' id='word_1_11' title='bbox 467 569 548 629; x_wconf 87' lang='lat' dir='ltr'>cum</span> <span class='ocrx_word' id='word_1_12' title='bbox 566 554 635 643; x_wconf 78' lang='lat' dir='ltr'>lie,</span> <span class='ocrx_word' id='word_1_13' title='bbox 649 571 728 646; x_wconf 80' lang='lat' dir='ltr'>que</span> <span class='ocrx_word' id='word_1_14' title='bbox 742 552 789 627; x_wconf 85' lang='lat' dir='ltr'>de</span> <span class='ocrx_word' id='word_1_15' title='bbox 802 551 884 647; x_wconf 85' lang='lat' dir='ltr'>Jesu</span> <span class='ocrx_word' id='word_1_16' title='bbox 899 548 1026 647; x_wconf 68' lang='lat' dir='ltr'>scepta</span> <span class='ocrx_word' id='word_1_17' title='bbox 1040 544 1135 644; x_wconf 89' lang='lat' dir='ltr'>sunt,</span> <span class='ocrx_word' id='word_1_18' title='bbox 1153 569 1244 632; x_wconf 87' lang='lat' dir='ltr'>con·</span> <span class='ocrx_word' id='word_1_19' title='bbox 1293 645 1295 650; x_wconf 44' lang='grc'>,</span> 
     </span>
     <span class='ocr_line' id='line_1_3' title="bbox 173 656 1243 749; baseline -0.001 -20"><span class='ocrx_word' id='word_1_20' title='bbox 173 658 355 748; x_wconf 74' lang='lat' dir='ltr'>ferentes,</span> <span class='ocrx_word' id='word_1_21' title='bbox 368 672 457 734; x_wconf 66' lang='lat' dir='ltr'>‚non</span> <span class='ocrx_word' id='word_1_22' title='bbox 479 656 672 749; x_wconf 81' lang='lat' dir='ltr'>vulgariter</span> <span class='ocrx_word' id='word_1_23' title='bbox 695 672 764 727; x_wconf 80' lang='lat' dir='ltr'>noe</span> <span class='ocrx_word' id='word_1_24' title='bbox 783 665 935 749; x_wconf 79' lang='lat' dir='ltr'>urgent,</span> <span class='ocrx_word' id='word_1_25' title='bbox 988 667 1129 728; x_wconf 83' lang='lat' dir='ltr'>etentes</span> <span class='ocrx_word' id='word_1_26' title='bbox 1151 673 1243 747; x_wconf 85' lang='lat' dir='ltr'>quo·</span> 
     </span>
     <span class='ocr_line' id='line_1_4' title="bbox 174 749 1241 852; baseline 0.003 -24"><span class='ocrx_word' id='word_1_27' title='bbox 174 756 289 828; x_wconf 87' lang='lat' dir='ltr'>modo</span> <span class='ocrx_word' id='word_1_28' title='bbox 310 753 407 849; x_wconf 76' lang='lat' dir='ltr'>jesue</span> <span class='ocrx_word' id='word_1_29' title='bbox 423 751 615 852; x_wconf 81' lang='lat' dir='ltr'>exsciderit</span> <span class='ocrx_word' id='word_1_30' title='bbox 630 767 755 826; x_wconf 80' lang='lat' dir='ltr'>currus</span> <span class='ocrx_word' id='word_1_31' title='bbox 775 772 820 824; x_wconf 81' lang='lat' dir='ltr'>ex</span> <span class='ocrx_word' id='word_1_32' title='bbox 838 752 937 847; x_wconf 80' lang='lat' dir='ltr'>Eplrr</span> <span class='ocrx_word' id='word_1_33' title='bbox 972 749 1028 847; x_wconf 71' lang='lat' dir='ltr'>m‚‘</span> <span class='ocrx_word' id='word_1_34' title='bbox 1056 752 1089 826; x_wconf 75' lang='lat' dir='ltr'>u</span> <span class='ocrx_word' id='word_1_35' title='bbox 1107 774 1241 847; x_wconf 85' lang='lat' dir='ltr'>equum</span> 
     </span>
     <span class='ocr_line' id='line_1_5' title="bbox 173 849 1241 947; baseline 0.002 -21"><span class='ocrx_word' id='word_1_36' title='bbox 173 871 224 926; x_wconf 80' lang='lat' dir='ltr'>ex</span> <span class='ocrx_word' id='word_1_37' title='bbox 237 852 447 947; x_wconf 79' lang='lat' dir='ltr'>Jerusalem,</span> <span class='ocrx_word' id='word_1_38' title='bbox 463 850 723 943; x_wconf 77' lang='lat' dir='ltr'>exscideritque</span> <span class='ocrx_word' id='word_1_39' title='bbox 742 867 860 926; x_wconf 90' lang='lat' dir='ltr'>arcum</span> <span class='ocrx_word' id='word_1_40' title='bbox 877 849 1110 947; x_wconf 81' lang='lat' dir='ltr'>bellicosum,</span> <span class='ocrx_word' id='word_1_41' title='bbox 1129 873 1171 928; x_wconf 85' lang='lat' dir='ltr'>ao</span> <span class='ocrx_word' id='word_1_42' title='bbox 1186 852 1241 928; x_wconf 87' lang='lat' dir='ltr'>fe·</span> 
     </span>
     <span class='ocr_line' id='line_1_6' title="bbox 172 950 1242 1052; baseline 0.003 -27"><span class='ocrx_word' id='word_1_43' title='bbox 172 958 268 1026; x_wconf 82' lang='lat' dir='ltr'>eerit</span> <span class='ocrx_word' id='word_1_44' title='bbox 292 969 371 1045; x_wconf 78' lang='lat' dir='ltr'>que</span> <span class='ocrx_word' id='word_1_45' title='bbox 393 950 597 1045; x_wconf 85' lang='lat' dir='ltr'>sequuntur.</span> <span class='ocrx_word' id='word_1_46' title='bbox 643 952 716 1036; x_wconf 51' lang='lat' dir='ltr'>‚Sed</span> <span class='ocrx_word' id='word_1_47' title='bbox 739 951 906 1044; x_wconf 68' lang='lat' dir='ltr'>haetenus</span> <span class='ocrx_word' id='word_1_48' title='bbox 928 952 1072 1052; x_wconf 83' lang='lat' dir='ltr'>quidem</span> <span class='ocrx_word' id='word_1_49' title='bbox 1093 955 1139 1030; x_wconf 86' lang='lat' dir='ltr'>de</span> <span class='ocrx_word' id='word_1_50' title='bbox 1156 972 1242 1049; x_wconf 85' lang='lat' dir='ltr'>pro·</span> 
     </span>
     <span class='ocr_line' id='line_1_7' title="bbox 169 1046 1238 1148; baseline 0.002 -22"><span class='ocrx_word' id='word_1_51' title='bbox 169 1046 305 1148; x_wconf 79' lang='lat' dir='ltr'>pleti&#39;a.</span> <span class='ocrx_word' id='word_1_52' title='bbox 341 1051 452 1147; x_wconf 87' lang='lat' dir='ltr'>Quod</span> <span class='ocrx_word' id='word_1_53' title='bbox 471 1052 494 1125; x_wconf 84' lang='lat' dir='ltr'>sr</span> <span class='ocrx_word' id='word_1_54' title='bbox 512 1051 773 1148; x_wconf 69' lang='lat' dir='ltr'><strong>longitudinem</strong></span> <span class='ocrx_word' id='word_1_55' title='bbox 788 1053 858 1123; x_wconf 81' lang='lat' dir='ltr'>viae</span> <span class='ocrx_word' id='word_1_56' title='bbox 872 1048 1119 1146; x_wconf 86' lang='lat' dir='ltr'>praedentent,</span> <span class='ocrx_word' id='word_1_57' title='bbox 1146 1052 1238 1128; x_wconf 88' lang='lat' dir='ltr'>nihil</span> 
     </span>
     <span class='ocr_line' id='line_1_8' title="bbox 169 1148 1272 1249; baseline 0.003 -24"><span class='ocrx_word' id='word_1_58' title='bbox 169 1154 318 1249; x_wconf 83' lang='lat' dir='ltr'>dignum</span> <span class='ocrx_word' id='word_1_59' title='bbox 342 1154 568 1226; x_wconf 80' lang='lat' dir='ltr'>invenientes</span> <span class='ocrx_word' id='word_1_60' title='bbox 593 1154 796 1227; x_wconf 85' lang='lat' dir='ltr'>oeconomla</span> <span class='ocrx_word' id='word_1_61' title='bbox 824 1148 898 1223; x_wconf 84' lang='lat' dir='ltr'>filii·</span> <span class='ocrx_word' id='word_1_62' title='bbox 914 1151 986 1225; x_wconf 89' lang='lat' dir='ltr'>Dei</span> <span class='ocrx_word' id='word_1_63' title='bbox 1008 1152 1047 1225; x_wconf 93' lang='lat' dir='ltr'>in</span> <span class='ocrx_word' id='word_1_64' title='bbox 1071 1151 1237 1228; x_wconf 81' lang='lat' dir='ltr'>sermone</span> <span class='ocrx_word' id='word_1_65' title='bbox 1269 1189 1272 1200; x_wconf 84' lang='lat'>·</span> 
     </span>
     <span class='ocr_line' id='line_1_9' title="bbox 170 1250 1309 1345; baseline 0.004 -20"><span class='ocrx_word' id='word_1_66' title='bbox 170 1254 220 1325; x_wconf 80' lang='lat' dir='ltr'>de</span> <span class='ocrx_word' id='word_1_67' title='bbox 245 1252 336 1326; x_wconf 80' lang='lat' dir='ltr'>atina</span> <span class='ocrx_word' id='word_1_68' title='bbox 357 1253 399 1323; x_wconf 59' lang='lat'>¹&amp;</span> <span class='ocrx_word' id='word_1_69' title='bbox 422 1253 550 1345; x_wconf 71' lang='lat' dir='ltr'>pullor</span> <span class='ocrx_word' id='word_1_70' title='bbox 577 1253 728 1344; x_wconf 84' lang='lat' dir='ltr'>primum</span> <span class='ocrx_word' id='word_1_71' title='bbox 754 1250 917 1343; x_wconf 77' lang='lat' dir='ltr'>quidem,</span> <span class='ocrx_word' id='word_1_72' title='bbox 944 1252 1003 1343; x_wconf 87' lang='lat' dir='ltr'>qui</span> <span class='ocrx_word' id='word_1_73' title='bbox 1030 1251 1236 1345; x_wconf 84' lang='lat' dir='ltr'>quindecim·</span> <span class='ocrx_word' id='word_1_74' title='bbox 1307 1313 1309 1318; x_wconf 84' lang='lat'><em>.</em></span> 
     </span>
     <span class='ocr_line' id='line_1_10' title="bbox 168 1339 1237 1450; baseline 0 -24"><span class='ocrx_word' id='word_1_75' title='bbox 168 1351 288 1426; x_wconf 78' lang='lat' dir='ltr'>stadiis</span> <span class='ocrx_word' id='word_1_76' title='bbox 310 1365 461 1424; x_wconf 87' lang='lat' dir='ltr'>utuntur</span> <span class='ocrx_word' id='word_1_77' title='bbox 484 1348 715 1423; x_wconf 78' lang='lat' dir='ltr'>existentibus</span> <span class='ocrx_word' id='word_1_78' title='bbox 737 1369 848 1444; x_wconf 81' lang='lat' dir='ltr'>parva</span> <span class='ocrx_word' id='word_1_79' title='bbox 866 1347 1047 1444; x_wconf 84' lang='lat' dir='ltr'>distantia,</span> <span class='ocrx_word' id='word_1_80' title='bbox 1073 1371 1159 1450; x_wconf 90' lang='lat' dir='ltr'>non</span> <span class='ocrx_word' id='word_1_81' title='bbox 1176 1339 1237 1426; x_wconf 69' lang='lat' dir='ltr'>adl</span> 
     </span>
     <span class='ocr_line' id='line_1_11' title="bbox 166 1447 1235 1540; baseline -0.003 -12"><span class='ocrx_word' id='word_1_82' title='bbox 166 1452 318 1528; x_wconf 88' lang='lat' dir='ltr'>modurn</span> <span class='ocrx_word' id='word_1_83' title='bbox 346 1449 623 1525; x_wconf 77' lang='lat' dir='ltr'>consentaneam</span> <span class='ocrx_word' id='word_1_84' title='bbox 655 1449 929 1524; x_wconf 82' lang='lat' dir='ltr'>confensaonem</span> <span class='ocrx_word' id='word_1_85' title='bbox 959 1452 1028 1525; x_wconf 75' lang='lat' dir='ltr'>vie</span> <span class='ocrx_word' id='word_1_86' title='bbox 1057 1447 1235 1540; x_wconf 70' lang='lat' dir='ltr'>afferentr</span> 
     </span>
     <span class='ocr_line' id='line_1_12' title="bbox 168 1549 1234 1644; baseline 0.002 -20"><span class='ocrx_word' id='word_1_87' title='bbox 168 1552 302 1624; x_wconf 85' lang='lat' dir='ltr'>deinde</span> <span class='ocrx_word' id='word_1_88' title='bbox 319 1569 411 1624; x_wconf 85' lang='lat' dir='ltr'>vero</span> <span class='ocrx_word' id='word_1_89' title='bbox 429 1549 566 1623; x_wconf 82' lang='lat' dir='ltr'>causam</span> <span class='ocrx_word' id='word_1_90' title='bbox 585 1550 690 1624; x_wconf 83' lang='lat' dir='ltr'>nobis</span> <span class='ocrx_word' id='word_1_91' title='bbox 709 1552 848 1641; x_wconf 87' lang='lat' dir='ltr'>dicant,</span> <span class='ocrx_word' id='word_1_92' title='bbox 876 1551 1064 1644; x_wconf 88' lang='lat' dir='ltr'>quomodo</span> <span class='ocrx_word' id='word_1_93' title='bbox 1078 1550 1121 1624; x_wconf 84' lang='lat' dir='ltr'>ad</span> <span class='ocrx_word' id='word_1_94' title='bbox 1137 1552 1234 1626; x_wconf 82' lang='lat' dir='ltr'>viam</span> 
     </span>
     <span class='ocr_line' id='line_1_13' title="bbox 168 1649 1294 1743; baseline -0.002 -19"><span class='ocrx_word' id='word_1_95' title='bbox 168 1663 243 1724; x_wconf 83' lang='lat' dir='ltr'>tam</span> <span class='ocrx_word' id='word_1_96' title='bbox 267 1655 418 1724; x_wconf 86' lang='lat' dir='ltr'>brevem</span> <span class='ocrx_word' id='word_1_97' title='bbox 442 1650 583 1723; x_wconf 85' lang='lat' dir='ltr'>duobus</span> <span class='ocrx_word' id='word_1_98' title='bbox 603 1651 776 1743; x_wconf 82' lang='lat' dir='ltr'>jumentis</span> <span class='ocrx_word' id='word_1_99' title='bbox 803 1669 898 1740; x_wconf 69' lang='lat' dir='ltr'>opus</span> <span class='ocrx_word' id='word_1_100' title='bbox 918 1649 1076 1725; x_wconf 73' lang='lat' dir='ltr'>habeat:</span> <span class='ocrx_word' id='word_1_101' title='bbox 1112 1650 1234 1741; x_wconf 77' lang='lat' dir='ltr'>insedit</span> <span class='ocrx_word' id='word_1_102' title='bbox 1292 1681 1294 1688; x_wconf 94' lang='lat'>·</span> 
     </span>
     <span class='ocr_line' id='line_1_14' title="bbox 167 1748 1233 1848; baseline -0.002 -26"><span class='ocrx_word' id='word_1_103' title='bbox 167 1752 289 1842; x_wconf 83' lang='lat' dir='ltr'>enim,</span> <span class='ocrx_word' id='word_1_104' title='bbox 312 1751 451 1844; x_wconf 87' lang='lat' dir='ltr'>inquit,</span> <span class='ocrx_word' id='word_1_105' title='bbox 480 1751 555 1820; x_wconf 79' lang='lat' dir='ltr'>illis.</span> <span class='ocrx_word' id='word_1_106' title='bbox 608 1748 782 1822; x_wconf 85' lang='lat' dir='ltr'>Praeterea</span> <span class='ocrx_word' id='word_1_107' title='bbox 809 1749 895 1822; x_wconf 86' lang='lat' dir='ltr'>illud</span> <span class='ocrx_word' id='word_1_108' title='bbox 924 1750 1055 1825; x_wconf 81' lang='lat' dir='ltr'>etiam:</span> <span class='ocrx_word' id='word_1_109' title='bbox 1091 1753 1132 1821; x_wconf 83' lang='lat' dir='ltr'>Si</span> <span class='ocrx_word' id='word_1_110' title='bbox 1158 1755 1233 1848; x_wconf 74' lang='lat' dir='ltr'>quir</span> 
     </span>
     <span class='ocr_line' id='line_1_15' title="bbox 164 1849 1326 1946; baseline 0.002 -25"><span class='ocrx_word' id='word_1_111' title='bbox 164 1849 257 1921; x_wconf 69' lang='lat' dir='ltr'>vobis</span> <span class='ocrx_word' id='word_1_112' title='bbox 273 1850 394 1946; x_wconf 77' lang='lat' dir='ltr'>aliquid</span> <span class='ocrx_word' id='word_1_113' title='bbox 410 1852 554 1942; x_wconf 75' lang='lat' dir='ltr'>dixerit,</span> <span class='ocrx_word' id='word_1_114' title='bbox 580 1851 674 1919; x_wconf 79' lang='lat' dir='ltr'>dicite</span> <span class='ocrx_word' id='word_1_115' title='bbox 692 1850 770 1945; x_wconf 72' lang='lat' dir='ltr'>quod</span> <span class='ocrx_word' id='word_1_116' title='bbox 791 1852 945 1919; x_wconf 77' lang='lat' dir='ltr'>Dominus</span> <span class='ocrx_word' id='word_1_117' title='bbox 966 1850 1014 1919; x_wconf 72' lang='lat' dir='ltr'>bis</span> <span class='ocrx_word' id='word_1_118' title='bbox 1034 1870 1107 1945; x_wconf 80' lang='lat' dir='ltr'>aput</span> <span class='ocrx_word' id='word_1_119' title='bbox 1123 1854 1247 1945; x_wconf 57' lang='lat' dir='ltr'>baim</span> <span class='ocrx_word' id='word_1_120' title='bbox 1314 1858 1326 1906; x_wconf 74' lang='grc'>’-</span> 
     </span>
     <span class='ocr_line' id='line_1_16' title="bbox 167 1948 1311 2048; baseline 0.004 -31"><span class='ocrx_word' id='word_1_121' title='bbox 167 1950 336 2045; x_wconf 61' lang='lat' dir='ltr'>statimque</span> <span class='ocrx_word' id='word_1_122' title='bbox 351 1950 578 2040; x_wconf 75' lang='lat' dir='ltr'>dimitterem,</span> <span class='ocrx_word' id='word_1_123' title='bbox 608 1961 684 2022; x_wconf 86' lang='lat' dir='ltr'>non</span> <span class='ocrx_word' id='word_1_124' title='bbox 706 1949 862 2021; x_wconf 78' lang='lat' dir='ltr'>arbitror</span> <span class='ocrx_word' id='word_1_125' title='bbox 881 1948 1026 2044; x_wconf 83' lang='lat' dir='ltr'>dignum</span> <span class='ocrx_word' id='word_1_126' title='bbox 1047 1949 1117 2024; x_wconf 82' lang='lat' dir='ltr'>elle</span> <span class='ocrx_word' id='word_1_127' title='bbox 1138 1969 1234 2048; x_wconf 80' lang='lat' dir='ltr'>mag·</span> <span class='ocrx_word' id='word_1_128' title='bbox 1309 1983 1311 1988; x_wconf 50' lang='lat'><strong><em>¹</em></strong></span> 
     </span>
     <span class='ocr_line' id='line_1_17' title="bbox 165 2048 1233 2138; baseline 0.001 -15"><span class='ocrx_word' id='word_1_129' title='bbox 165 2048 341 2123; x_wconf 75' lang='lat' dir='ltr'>mitudinis</span> <span class='ocrx_word' id='word_1_130' title='bbox 359 2050 499 2123; x_wconf 77' lang='lat' dir='ltr'>deiratio</span> <span class='ocrx_word' id='word_1_131' title='bbox 524 2049 625 2138; x_wconf 85' lang='lat' dir='ltr'>Filii,</span> <span class='ocrx_word' id='word_1_132' title='bbox 651 2062 692 2121; x_wconf 88' lang='lat' dir='ltr'>ut</span> <span class='ocrx_word' id='word_1_133' title='bbox 711 2051 867 2122; x_wconf 79' lang='lat' dir='ltr'>dicamus</span> <span class='ocrx_word' id='word_1_134' title='bbox 887 2051 949 2120; x_wconf 88' lang='lat' dir='ltr'>tali</span> <span class='ocrx_word' id='word_1_135' title='bbox 966 2065 1100 2121; x_wconf 77' lang='lat' dir='ltr'>nature</span> <span class='ocrx_word' id='word_1_136' title='bbox 1117 2052 1233 2124; x_wconf 82' lang='lat' dir='ltr'>faten-</span> 
     </span>
     <span class='ocr_line' id='line_1_18' title="bbox 149 2142 1232 2244; baseline 0.003 -23"><span class='ocrx_word' id='word_1_137' title='bbox 149 2149 253 2221; x_wconf 80' lang='lat' dir='ltr'>dum</span> <span class='ocrx_word' id='word_1_138' title='bbox 279 2147 351 2221; x_wconf 83' lang='lat' dir='ltr'>elle</span> <span class='ocrx_word' id='word_1_139' title='bbox 380 2149 440 2226; x_wconf 89' lang='lat' dir='ltr'>libi</span> <span class='ocrx_word' id='word_1_140' title='bbox 469 2168 558 2243; x_wconf 77' lang='lat' dir='ltr'>opor</span> <span class='ocrx_word' id='word_1_141' title='bbox 583 2142 773 2222; x_wconf 75' lang='lat' dir='ltr'>eisetuna</span> <span class='ocrx_word' id='word_1_142' title='bbox 800 2146 915 2221; x_wconf 83' lang='lat' dir='ltr'>soluta</span> <span class='ocrx_word' id='word_1_143' title='bbox 939 2168 959 2219; x_wconf 85' lang='lat' dir='ltr'>a</span> <span class='ocrx_word' id='word_1_144' title='bbox 981 2148 1160 2244; x_wconf 88' lang='lat' dir='ltr'>vinculis,</span> <span class='ocrx_word' id='word_1_145' title='bbox 1178 2169 1180 2178; x_wconf 91' lang='lat'><em>·</em></span> <span class='ocrx_word' id='word_1_146' title='bbox 1195 2150 1232 2224; x_wconf 81' lang='lat' dir='ltr'>dt</span> 
     </span>
     <span class='ocr_line' id='line_1_19' title="bbox 163 2241 1234 2346; baseline 0.004 -27"><span class='ocrx_word' id='word_1_147' title='bbox 163 2249 269 2343; x_wconf 77' lang='lat' dir='ltr'>pullo</span> <span class='ocrx_word' id='word_1_148' title='bbox 285 2267 366 2324; x_wconf 85' lang='lat' dir='ltr'>eum</span> <span class='ocrx_word' id='word_1_149' title='bbox 381 2270 421 2323; x_wconf 88' lang='lat' dir='ltr'>ea</span> <span class='ocrx_word' id='word_1_150' title='bbox 437 2251 619 2326; x_wconf 87' lang='lat' dir='ltr'>veniente.</span> <span class='ocrx_word' id='word_1_151' title='bbox 646 2241 820 2346; x_wconf 82' lang='lat' dir='ltr'>Magnum</span> <span class='ocrx_word' id='word_1_152' title='bbox 833 2250 929 2323; x_wconf 83' lang='lat' dir='ltr'>enim</span> <span class='ocrx_word' id='word_1_153' title='bbox 942 2268 1053 2324; x_wconf 90' lang='lat' dir='ltr'>omne</span> <span class='ocrx_word' id='word_1_154' title='bbox 1062 2248 1104 2324; x_wconf 84' lang='lat' dir='ltr'>lit</span> <span class='ocrx_word' id='word_1_155' title='bbox 1119 2267 1234 2343; x_wconf 82' lang='lat' dir='ltr'>opot-</span> 
     </span>
     <span class='ocr_line' id='line_1_20' title="bbox 163 2344 1329 2445; baseline 0.003 -24"><span class='ocrx_word' id='word_1_156' title='bbox 163 2361 243 2439; x_wconf 78' lang='lat' dir='ltr'>tet,</span> <span class='ocrx_word' id='word_1_157' title='bbox 271 2348 489 2443; x_wconf 77' lang='lat' dir='ltr'>dignumque</span> <span class='ocrx_word' id='word_1_158' title='bbox 512 2354 678 2422; x_wconf 84' lang='lat' dir='ltr'>bonitate</span> <span class='ocrx_word' id='word_1_159' title='bbox 699 2350 797 2440; x_wconf 79' lang='lat' dir='ltr'>ejus,</span> <span class='ocrx_word' id='word_1_160' title='bbox 823 2370 897 2441; x_wconf 84' lang='lat' dir='ltr'>quo</span> <span class='ocrx_word' id='word_1_161' title='bbox 920 2344 1013 2423; x_wconf 82' lang='lat' dir='ltr'>filius</span> <span class='ocrx_word' id='word_1_162' title='bbox 1041 2349 1111 2424; x_wconf 85' lang='lat' dir='ltr'>Dei</span> <span class='ocrx_word' id='word_1_163' title='bbox 1134 2369 1230 2445; x_wconf 79' lang='lat' dir='ltr'>oput</span> <span class='ocrx_word' id='word_1_164' title='bbox 1326 2428 1329 2433; x_wconf 74' lang='grc'>,</span> 
     </span>
     <span class='ocr_line' id='line_1_21' title="bbox 163 2447 1230 2542; baseline 0.003 -21"><span class='ocrx_word' id='word_1_165' title='bbox 163 2447 307 2522; x_wconf 83' lang='lat' dir='ltr'>lrabeat.</span> <span class='ocrx_word' id='word_1_166' title='bbox 359 2447 416 2518; x_wconf 83' lang='lat' dir='ltr'>Ad</span> <span class='ocrx_word' id='word_1_167' title='bbox 438 2449 514 2520; x_wconf 78' lang='lat' dir='ltr'>hec</span> <span class='ocrx_word' id='word_1_168' title='bbox 537 2466 630 2520; x_wconf 84' lang='lat' dir='ltr'>vero</span> <span class='ocrx_word' id='word_1_169' title='bbox 645 2451 796 2542; x_wconf 81' lang='lat' dir='ltr'>plurima</span> <span class='ocrx_word' id='word_1_170' title='bbox 813 2448 1147 2524; x_wconf 84' lang='lat' dir='ltr'>turbauestimenta</span> <span class='ocrx_word' id='word_1_171' title='bbox 1170 2451 1230 2525; x_wconf 86' lang='lat' dir='ltr'>sua</span> 
     </span>
     <span class='ocr_line' id='line_1_22' title="bbox 161 2543 1232 2640; baseline 0 -19"><span class='ocrx_word' id='word_1_172' title='bbox 161 2545 327 2621; x_wconf 81' lang='lat' dir='ltr'>sternem</span> <span class='ocrx_word' id='word_1_173' title='bbox 350 2547 388 2620; x_wconf 86' lang='lat' dir='ltr'>in</span> <span class='ocrx_word' id='word_1_174' title='bbox 409 2548 467 2618; x_wconf 81' lang='lat' dir='ltr'>via</span> <span class='ocrx_word' id='word_1_175' title='bbox 484 2543 701 2639; x_wconf 71' lang='lat' dir='ltr'>(tolerante</span> <span class='ocrx_word' id='word_1_176' title='bbox 727 2548 803 2619; x_wconf 83' lang='lat' dir='ltr'>lraec</span> <span class='ocrx_word' id='word_1_177' title='bbox 827 2547 932 2640; x_wconf 72' lang='lat' dir='ltr'>lesu,</span> <span class='ocrx_word' id='word_1_178' title='bbox 959 2547 1090 2623; x_wconf 85' lang='lat' dir='ltr'>&amp;non</span> <span class='ocrx_word' id='word_1_179' title='bbox 1113 2552 1232 2627; x_wconf 86' lang='lat' dir='ltr'>inere·</span> 
     </span>
     <span class='ocr_line' id='line_1_23' title="bbox 161 2642 1230 2742; baseline 0.005 -24"><span class='ocrx_word' id='word_1_180' title='bbox 161 2661 294 2740; x_wconf 81' lang='lat' dir='ltr'>pante,</span> <span class='ocrx_word' id='word_1_181' title='bbox 321 2660 363 2718; x_wconf 88' lang='lat' dir='ltr'>ut</span> <span class='ocrx_word' id='word_1_182' title='bbox 383 2643 604 2739; x_wconf 83' lang='lat' dir='ltr'>perspicuum</span> <span class='ocrx_word' id='word_1_183' title='bbox 628 2642 745 2719; x_wconf 86' lang='lat' dir='ltr'>estex</span> <span class='ocrx_word' id='word_1_184' title='bbox 769 2646 845 2738; x_wconf 82' lang='lat' dir='ltr'>his,</span> <span class='ocrx_word' id='word_1_185' title='bbox 873 2666 951 2737; x_wconf 84' lang='lat' dir='ltr'>quae</span> <span class='ocrx_word' id='word_1_186' title='bbox 977 2648 1035 2718; x_wconf 86' lang='lat' dir='ltr'>alii</span> <span class='ocrx_word' id='word_1_187' title='bbox 1059 2662 1230 2742; x_wconf 88' lang='lat' dir='ltr'>narrant,</span> 
     </span>
     <span class='ocr_line' id='line_1_24' title="bbox 163 2745 1230 2845; baseline 0.003 -26"><span class='ocrx_word' id='word_1_188' title='bbox 163 2748 364 2838; x_wconf 60' lang='lat' dir='ltr'>nimitum}</span> <span class='ocrx_word' id='word_1_189' title='bbox 390 2745 486 2834; x_wconf 72' lang='lat' dir='ltr'>Siler</span> <span class='ocrx_word' id='word_1_190' title='bbox 514 2747 697 2832; x_wconf 65' lang='lat' dir='ltr'>timuerint,</span> <span class='ocrx_word' id='word_1_191' title='bbox 724 2747 838 2842; x_wconf 73' lang='lat' dir='ltr'>lapides</span> <span class='ocrx_word' id='word_1_192' title='bbox 867 2746 1105 2845; x_wconf 79' lang='lat' dir='ltr'>domabunt,)</span> <span class='ocrx_word' id='word_1_193' title='bbox 1133 2746 1230 2822; x_wconf 78' lang='lat' dir='ltr'>haud</span> 
     </span>
     <span class='ocr_line' id='line_1_25' title="bbox 160 2840 1229 2942; baseline 0.001 -23"><span class='ocrx_word' id='word_1_194' title='bbox 160 2843 262 2934; x_wconf 55' lang='lat' dir='ltr'>scio3</span> <span class='ocrx_word' id='word_1_195' title='bbox 291 2866 334 2918; x_wconf 82' lang='lat' dir='ltr'>an</span> <span class='ocrx_word' id='word_1_196' title='bbox 351 2863 427 2918; x_wconf 92' lang='lat' dir='ltr'>non</span> <span class='ocrx_word' id='word_1_197' title='bbox 446 2842 636 2919; x_wconf 89' lang='lat' dir='ltr'>ostendant</span> <span class='ocrx_word' id='word_1_198' title='bbox 653 2844 815 2919; x_wconf 87' lang='lat' dir='ltr'>stolidam</span> <span class='ocrx_word' id='word_1_199' title='bbox 833 2840 970 2921; x_wconf 85' lang='lat' dir='ltr'>oausam</span> <span class='ocrx_word' id='word_1_200' title='bbox 988 2847 1093 2939; x_wconf 72' lang='lat' dir='ltr'>ipius</span> <span class='ocrx_word' id='word_1_201' title='bbox 1108 2844 1160 2942; x_wconf 81' lang='lat' dir='ltr'>(ir</span> <span class='ocrx_word' id='word_1_202' title='bbox 1174 2844 1229 2921; x_wconf 81' lang='lat' dir='ltr'>nl·</span> 
     </span>
     <span class='ocr_line' id='line_1_26' title="bbox 160 2944 1228 3042; baseline 0.005 -27"><span class='ocrx_word' id='word_1_203' title='bbox 160 2947 214 3027; x_wconf 86' lang='lat' dir='ltr'>hil</span> <span class='ocrx_word' id='word_1_204' title='bbox 232 2946 323 3017; x_wconf 88' lang='lat' dir='ltr'>aliud</span> <span class='ocrx_word' id='word_1_205' title='bbox 341 2964 386 3016; x_wconf 87' lang='lat' dir='ltr'>ex</span> <span class='ocrx_word' id='word_1_206' title='bbox 406 2944 459 3018; x_wconf 84' lang='lat' dir='ltr'>his</span> <span class='ocrx_word' id='word_1_207' title='bbox 477 2944 710 3039; x_wconf 85' lang='lat' dir='ltr'>declaratur)</span> <span class='ocrx_word' id='word_1_208' title='bbox 727 2949 785 3037; x_wconf 92' lang='lat' dir='ltr'>qui</span> <span class='ocrx_word' id='word_1_209' title='bbox 807 2947 855 3018; x_wconf 91' lang='lat' dir='ltr'>ob</span> <span class='ocrx_word' id='word_1_210' title='bbox 873 2946 948 3018; x_wconf 84' lang='lat' dir='ltr'>haec</span> <span class='ocrx_word' id='word_1_211' title='bbox 962 2949 1114 3022; x_wconf 72' lang='lat' dir='ltr'>letatur,</span> <span class='ocrx_word' id='word_1_212' title='bbox 1149 2946 1228 3042; x_wconf 84' lang='lat' dir='ltr'>Jam</span> 
     </span>
     <span class='ocr_line' id='line_1_27' title="bbox 162 3045 1257 3142; baseline 0.001 -25"><span class='ocrx_word' id='word_1_213' title='bbox 162 3062 286 3117; x_wconf 78' lang='lat' dir='ltr'>ramos</span> <span class='ocrx_word' id='word_1_214' title='bbox 312 3046 354 3117; x_wconf 86' lang='lat' dir='ltr'>ab</span> <span class='ocrx_word' id='word_1_215' title='bbox 380 3047 565 3118; x_wconf 82' lang='lat' dir='ltr'>arboribus</span> <span class='ocrx_word' id='word_1_216' title='bbox 591 3045 732 3121; x_wconf 79' lang='lat' dir='ltr'>excisos</span> <span class='ocrx_word' id='word_1_217' title='bbox 753 3046 790 3117; x_wconf 89' lang='lat' dir='ltr'>in</span> <span class='ocrx_word' id='word_1_218' title='bbox 812 3047 873 3118; x_wconf 85' lang='lat' dir='ltr'>via</span> <span class='ocrx_word' id='word_1_219' title='bbox 897 3045 1003 3120; x_wconf 84' lang='lat' dir='ltr'>sterni</span> <span class='ocrx_word' id='word_1_220' title='bbox 1027 3045 1127 3120; x_wconf 79' lang='lat' dir='ltr'>rsrnit</span> <span class='ocrx_word' id='word_1_221' title='bbox 1147 3066 1229 3142; x_wconf 82' lang='lat' dir='ltr'>per·</span> <span class='ocrx_word' id='word_1_222' title='bbox 1254 3074 1257 3079; x_wconf 94' lang='lat'>·</span> 
     </span>
     <span class='ocr_line' id='line_1_28' title="bbox 161 3143 1230 3238; baseline 0.003 -22"><span class='ocrx_word' id='word_1_223' title='bbox 161 3145 452 3236; x_wconf 83' lang='lat' dir='ltr'>transeuntibus,</span> <span class='ocrx_word' id='word_1_224' title='bbox 472 3145 778 3238; x_wconf 67' lang='lat' dir='ltr'>&amp;impedimento</span> <span class='ocrx_word' id='word_1_225' title='bbox 795 3143 992 3238; x_wconf 79' lang='lat' dir='ltr'>anteponi,</span> <span class='ocrx_word' id='word_1_226' title='bbox 1016 3146 1145 3238; x_wconf 81' lang='lat' dir='ltr'>injuria</span> <span class='ocrx_word' id='word_1_227' title='bbox 1162 3166 1230 3238; x_wconf 85' lang='lat' dir='ltr'>po·</span> 
     </span>
     <span class='ocr_line' id='line_1_29' title="bbox 164 3239 1228 3343; baseline 0.006 -28"><span class='ocrx_word' id='word_1_228' title='bbox 164 3240 468 3343; x_wconf 27' lang='lat' dir='ltr'>tiurdafficieutim</span> <span class='ocrx_word' id='word_1_229' title='bbox 496 3264 600 3336; x_wconf 88' lang='lat' dir='ltr'>quam</span> <span class='ocrx_word' id='word_1_230' title='bbox 624 3247 828 3340; x_wconf 83' lang='lat' dir='ltr'>excogitata</span> <span class='ocrx_word' id='word_1_231' title='bbox 852 3245 929 3318; x_wconf 81' lang='lat' dir='ltr'>laus</span> <span class='ocrx_word' id='word_1_232' title='bbox 955 3246 1068 3319; x_wconf 89' lang='lat' dir='ltr'>videri</span> <span class='ocrx_word' id='word_1_233' title='bbox 1092 3239 1228 3339; x_wconf 81' lang='lat' dir='ltr'>potest.</span> 
     </span>
     <span class='ocr_line' id='line_1_30' title="bbox 162 3336 1258 3437; baseline -0.005 -21"><span class='ocrx_word' id='word_1_234' title='bbox 162 3336 345 3416; x_wconf 87' lang='lat' dir='ltr'>Caeterum</span> <span class='ocrx_word' id='word_1_235' title='bbox 370 3345 423 3416; x_wconf 84' lang='lat' dir='ltr'>his</span> <span class='ocrx_word' id='word_1_236' title='bbox 448 3344 588 3431; x_wconf 77' lang='lat' dir='ltr'>similia,</span> <span class='ocrx_word' id='word_1_237' title='bbox 616 3341 660 3417; x_wconf 89' lang='lat' dir='ltr'>de</span> <span class='ocrx_word' id='word_1_238' title='bbox 682 3344 810 3437; x_wconf 77' lang='lat' dir='ltr'>quibus</span> <span class='ocrx_word' id='word_1_239' title='bbox 830 3342 1071 3419; x_wconf 82' lang='lat' dir='ltr'>dubitavimus</span> <span class='ocrx_word' id='word_1_240' title='bbox 1097 3359 1229 3420; x_wconf 80' lang='lat' dir='ltr'>eorum</span> <span class='ocrx_word' id='word_1_241' title='bbox 1255 3404 1258 3411; x_wconf 75' lang='grc'><strong><em>,</em></strong></span> 
     </span>
     <span class='ocr_line' id='line_1_31' title="bbox 164 3439 1264 3538; baseline 0.005 -24"><span class='ocrx_word' id='word_1_242' title='bbox 164 3439 291 3535; x_wconf 80' lang='lat' dir='ltr'>cause,</span> <span class='ocrx_word' id='word_1_243' title='bbox 318 3444 376 3534; x_wconf 86' lang='lat' dir='ltr'>qui</span> <span class='ocrx_word' id='word_1_244' title='bbox 394 3466 414 3516; x_wconf 90' lang='lat' dir='ltr'>e</span> <span class='ocrx_word' id='word_1_245' title='bbox 429 3444 566 3536; x_wconf 88' lang='lat' dir='ltr'>templo</span> <span class='ocrx_word' id='word_1_246' title='bbox 582 3440 682 3534; x_wconf 76' lang='lat' dir='ltr'>ejubti</span> <span class='ocrx_word' id='word_1_247' title='bbox 696 3440 863 3517; x_wconf 77' lang='lat' dir='ltr'>&#39;luere&#39;ab</span> <span class='ocrx_word' id='word_1_248' title='bbox 880 3443 969 3538; x_wconf 83' lang='lat' dir='ltr'>ipso,</span> <span class='ocrx_word' id='word_1_249' title='bbox 997 3459 1104 3534; x_wconf 81' lang='lat' dir='ltr'>atque</span> <span class='ocrx_word' id='word_1_250' title='bbox 1119 3440 1231 3519; x_wconf 82' lang='lat' dir='ltr'>etiarn</span> <span class='ocrx_word' id='word_1_251' title='bbox 1262 3444 1264 3449; x_wconf 79' lang='grc'><strong>’</strong></span> 
     </span>
     <span class='ocr_line' id='line_1_32' title="bbox 160 3540 1229 3643; baseline 0.002 -25"><span class='ocrx_word' id='word_1_252' title='bbox 160 3541 301 3634; x_wconf 76' lang='lat' dir='ltr'>maiora</span> <span class='ocrx_word' id='word_1_253' title='bbox 316 3542 389 3614; x_wconf 88' lang='lat' dir='ltr'>hoc</span> <span class='ocrx_word' id='word_1_254' title='bbox 407 3544 545 3615; x_wconf 78' lang='lat' dir='ltr'>inloto</span> <span class='ocrx_word' id='word_1_255' title='bbox 563 3543 714 3617; x_wconf 82' lang='lat' dir='ltr'>dicenda</span> <span class='ocrx_word' id='word_1_256' title='bbox 728 3540 819 3616; x_wconf 92' lang='lat' dir='ltr'>sunt.</span> <span class='ocrx_word' id='word_1_257' title='bbox 852 3542 894 3617; x_wconf 91' lang='lat' dir='ltr'>ln</span> <span class='ocrx_word' id='word_1_258' title='bbox 909 3540 1111 3639; x_wconf 82' lang='lat' dir='ltr'>Evangelio</span> <span class='ocrx_word' id='word_1_259' title='bbox 1129 3544 1229 3643; x_wconf 84' lang='lat' dir='ltr'>enim</span> 
     </span>
     <span class='ocr_line' id='line_1_33' title="bbox 162 3640 1228 3739; baseline 0.002 -24"><span class='ocrx_word' id='word_1_260' title='bbox 162 3640 316 3738; x_wconf 83' lang='lat' dir='ltr'>Joannis</span> <span class='ocrx_word' id='word_1_261' title='bbox 346 3658 507 3715; x_wconf 77' lang='lat' dir='ltr'>ementes</span> <span class='ocrx_word' id='word_1_262' title='bbox 538 3641 664 3739; x_wconf 80' lang='lat' dir='ltr'>ejicit,¹</span> <span class='ocrx_word' id='word_1_263' title='bbox 693 3642 839 3715; x_wconf 83' lang='lat' dir='ltr'>dicente</span> <span class='ocrx_word' id='word_1_264' title='bbox 868 3642 1072 3734; x_wconf 74' lang='lat' dir='ltr'>Maurum,</span> <span class='ocrx_word' id='word_1_265' title='bbox 1096 3646 1228 3717; x_wconf 72' lang='lat' dir='ltr'>omnes</span> 
     </span>
     <span class='ocr_line' id='line_1_34' title="bbox 165 3738 1326 3836; baseline 0.007 -22"><span class='ocrx_word' id='word_1_266' title='bbox 165 3761 250 3815; x_wconf 87' lang='lat' dir='ltr'>eum</span> <span class='ocrx_word' id='word_1_267' title='bbox 269 3738 408 3832; x_wconf 68' lang='lat' dir='ltr'>ejecisse</span> <span class='ocrx_word' id='word_1_268' title='bbox 424 3755 499 3814; x_wconf 87' lang='lat' dir='ltr'>tum</span> <span class='ocrx_word' id='word_1_269' title='bbox 522 3741 724 3816; x_wconf 83' lang='lat' dir='ltr'>vendentee</span> <span class='ocrx_word' id='word_1_270' title='bbox 738 3756 816 3825; x_wconf 73' lang='lat' dir='ltr'>¹titan</span> <span class='ocrx_word' id='word_1_271' title='bbox 833 3755 996 3816; x_wconf 79' lang='lat' dir='ltr'>ementee</span> <span class='ocrx_word' id='word_1_272' title='bbox 1016 3743 1053 3815; x_wconf 89' lang='lat' dir='ltr'>in</span> <span class='ocrx_word' id='word_1_273' title='bbox 1077 3742 1230 3836; x_wconf 81' lang='lat' dir='ltr'>templo.</span> <span class='ocrx_word' id='word_1_274' title='bbox 1308 3789 1326 3822; x_wconf 89' lang='grc'>-,</span> 
     </span>
     <span class='ocr_line' id='line_1_35' title="bbox 163 3836 1227 3937; baseline 0.001 -22"><span class='ocrx_word' id='word_1_275' title='bbox 163 3838 297 3937; x_wconf 85' lang='lat' dir='ltr'>Longe</span> <span class='ocrx_word' id='word_1_276' title='bbox 322 3852 440 3914; x_wconf 81' lang='lat' dir='ltr'>autem</span> <span class='ocrx_word' id='word_1_277' title='bbox 464 3838 604 3937; x_wconf 73' lang='lat' dir='ltr'>maior,</span> <span class='ocrx_word' id='word_1_278' title='bbox 630 3855 672 3914; x_wconf 89' lang='lat' dir='ltr'>ut</span> <span class='ocrx_word' id='word_1_279' title='bbox 695 3841 885 3936; x_wconf 84' lang='lat' dir='ltr'>probabile</span> <span class='ocrx_word' id='word_1_280' title='bbox 910 3836 983 3925; x_wconf 77' lang='lat' dir='ltr'>est,</span> <span class='ocrx_word' id='word_1_281' title='bbox 1008 3843 1227 3930; x_wconf 84' lang='lat' dir='ltr'>ementium,</span> 
     </span>
     <span class='ocr_line' id='line_1_36' title="bbox 166 3933 1229 4033; baseline 0.001 -21"><span class='ocrx_word' id='word_1_282' title='bbox 166 3960 273 4033; x_wconf 88' lang='lat' dir='ltr'>quam</span> <span class='ocrx_word' id='word_1_283' title='bbox 298 3936 531 4017; x_wconf 90' lang='lat' dir='ltr'>vendentium</span> <span class='ocrx_word' id='word_1_284' title='bbox 559 3954 635 4014; x_wconf 88' lang='lat' dir='ltr'>erat</span> <span class='ocrx_word' id='word_1_285' title='bbox 660 3958 841 4015; x_wconf 77' lang='lat' dir='ltr'>numerare.</span> <span class='ocrx_word' id='word_1_286' title='bbox 891 3933 1074 4016; x_wconf 86' lang='lat' dir='ltr'>Notemus</span> <span class='ocrx_word' id='word_1_287' title='bbox 1097 3944 1229 4033; x_wconf 86' lang='lat' dir='ltr'>etiam,</span> 
     </span>
     <span class='ocr_line' id='line_1_37' title="bbox 166 4031 1235 4138; baseline -0.01 -23"><span class='ocrx_word' id='word_1_288' title='bbox 166 4056 212 4115; x_wconf 79' lang='lat' dir='ltr'>en</span> <span class='ocrx_word' id='word_1_289' title='bbox 238 4054 314 4113; x_wconf 90' lang='lat' dir='ltr'>non</span> <span class='ocrx_word' id='word_1_290' title='bbox 341 4038 443 4133; x_wconf 85' lang='lat' dir='ltr'>supra</span> <span class='ocrx_word' id='word_1_291' title='bbox 469 4040 676 4135; x_wconf 80' lang='lat' dir='ltr'>dignitatem</span> <span class='ocrx_word' id='word_1_292' title='bbox 703 4031 786 4137; x_wconf 79' lang='lat' dir='ltr'>Jem</span> <span class='ocrx_word' id='word_1_293' title='bbox 815 4051 919 4136; x_wconf 64' lang='lat' dir='ltr'>erat,</span> <span class='ocrx_word' id='word_1_294' title='bbox 940 4037 1007 4136; x_wconf 72' lang='lat' dir='ltr'>qui</span> <span class='ocrx_word' id='word_1_295' title='bbox 1031 4041 1235 4138; x_wconf 69' lang='lat' dir='ltr'>nutabatue</span> 
     </span>
     <span class='ocr_line' id='line_1_38' title="bbox 220 4127 1232 4242; baseline 0.012 -33"><span class='ocrx_word' id='word_1_296' title='bbox 220 4141 366 4233; x_wconf 57' lang='lat' dir='ltr'>dragma&gt;</span> <span class='ocrx_word' id='word_1_297' title='bbox 388 4133 471 4219; x_wconf 65' lang='lat' dir='ltr'>Dm.</span> <span class='ocrx_word' id='word_1_298' title='bbox 491 4139 600 4219; x_wconf 74' lang='lat' dir='ltr'>xiil.</span> <span class='ocrx_word' id='word_1_299' title='bbox 807 4136 881 4242; x_wconf 62' lang='lat' dir='ltr'>Gt</span> <span class='ocrx_word' id='word_1_300' title='bbox 1103 4127 1232 4208; x_wconf 48' lang='lat' dir='ltr'>W*</span> 
     </span>
    </p>
   </div>
   <div class='ocr_carea' id='block_1_3' title="bbox 0 0 1414 4575">
    <p class='ocr_par' dir='ltr' id='par_1_3' title="bbox 0 0 1414 4575">
     <span class='ocr_line' id='line_1_39' title="bbox 0 0 1414 4575; baseline 0 4"><span class='ocrx_word' id='word_1_301' title='bbox 0 0 1414 4575; x_wconf 95' lang='lat' dir='ltr'> </span> 
     </span>
    </p>
   </div>
  </div>
 </body>
</html>
