2817 4575
226 282 232 304 ὲ
335 269 400 388 IN
431 233 733 408 JOANNEbi
769 257 972 388 TOMV'S
1008 309 1080 386 11.·
1116 247 1218 404 ἱω

161 477 353 572 explanat,
379 493 456 564 que
472 471 515 543 ad
533 469 764 544 Seruatorem
779 485 1048 566 pervenerunt,
1069 457 1219 548 &omni
1245 563 1247 570 Ι
1309 563 1317 576 ,

160 589 326 670 exparte
343 575 440 645 ineo
459 569 679 656 adstiterunt.
730 570 787 640 Ac
803 569 1025 664 tertiasunt,
1041 595 1119 663 quae
1133 585 1218 650 ante
1318 607 1320 614 ⁸

104 689 107 696 '
161 674 548 760 commemoravimus,
573 669 684 744 solem
710 691 752 742 ac
778 671 950 744 lunam&
973 669 1087 746 stellas
1113 672 1218 748 Deos
1300 741 1303 754 ‚

161 776 235 851 esse
253 771 499 862 existimantia,
517 769 551 842 dt
567 773 603 844 in
624 771 675 842 eis
697 771 876 845 harentia.
913 771 981 845 Sed
997 789 1126 865 preter
1140 773 1219 846 hec

162 879 305 966 omnia,
332 872 410 944 sunt
425 873 531 944 etiam
549 871 585 943 in
599 871 687 942 loco
702 869 899 962 inferiore,
924 892 1000 962 que
1017 871 1219 948 inanima&

159 990 307 1052 mortua
323 973 420 1044 idola
439 983 666 1042 uenerantur.
692 967 824 1042 Similia
839 985 984 1061 quoque
1001 973 1045 1044 de
1060 975 1122 1060 iis,
1140 993 1220 1063 que
1241 1001 1243 1008 ·

160 1080 209 1150 ad
227 1075 389 1147 Verbum
406 1071 586 1161 pertinent
601 1069 814 1162 reperimus:
840 1071 905 1142 alia
923 1071 1016 1145 enirn
1036 1073 1112 1164 ipso
1128 1075 1222 1147 Ver·

159 1181 213 1250 bo
241 1187 368 1245 ornata
390 1168 497 1260 sunt,
526 1170 592 1241 alia
619 1170 739 1257 aliquo
767 1169 798 1239 ei
824 1171 950 1242 vicino
978 1191 1020 1244 ac
1043 1169 1219 1264 finitimo,
1311 1231 1313 1238 .

161 1274 262 1367 quod
280 1271 432 1367 primum
450 1270 613 1342 Verbum
631 1266 701 1341 esse
720 1267 873 1354 videtur,
891 1289 969 1359 quae
986 1273 1072 1345 nihil
1088 1270 1219 1368 sciunt,
1294 1323 1299 1330 -

160 1375 225 1446 nisi
245 1370 361 1465 Jesum
386 1367 616 1440 Christum&
639 1367 736 1439 hunc
764 1365 995 1462 crucifixum,
1023 1373 1220 1463 eademque

161 1476 327 1548 Verbum
347 1488 489 1540 carnem
511 1468 648 1539 uident.
699 1465 825 1538 Tertia
851 1469 979 1560 etiam,
1007 1491 1086 1560 quae
1108 1473 1217 1564 paulo

162 1588 248 1646 ente
271 1570 438 1643 diximus..
482 1567 579 1664 Quid
604 1585 695 1638 vero
721 1569 850 1638 attinet
870 1569 915 1640 de
931 1569 973 1638 iis
992 1571 1130 1660 dicere,
1157 1573 1220 1664 qui
1309 1579 1314 1604 ¹

160 1678 201 1746 in
217 1672 346 1745 Verbo
367 1665 438 1740 esse
460 1666 722 1751 existimantur,
749 1662 807 1736 sed
827 1687 902 1740 non
918 1667 1029 1742 solum
1048 1676 1089 1743 ab
1106 1673 1221 1744 hone-

161 1773 242 1862 sto,
269 1766 525 1842 verumetiam
555 1766 599 1837 ab
624 1765 699 1855 ejus
731 1765 906 1862 vestigiis,
933 1781 1040 1860 atque
1065 1772 1131 1862 iis,
1157 1771 1220 1864 qui

160 1873 239 1964 ejus
254 1869 334 1943 sunt
351 1867 564 1962 participes,
591 1861 827 1936 aberrarunt?

235 1993 271 2056 4.
305 1973 365 2037 Hic
386 1983 454 2036 erat
479 1971 515 2034 in
534 1968 693 2059 principio
712 1967 792 2058 apud
815 1967 928 2035 Deum.
978 1965 1111 2039 Tribus
1132 1989 1220 2062 prae·

160 2070 263 2143 ditiis
277 2066 478 2161 propositio
508 2066 599 2153 bus,
617 2078 691 2135 tres
710 2063 856 2137 ordines
872 2084 939 2136 nos
953 2065 1091 2138 docens
1103 2064 1222 2140 Evan-

161 2169 305 2265 geiista,
330 2168 397 2238 tria
414 2167 492 2239 inu
520 2184 579 2239 um
603 2163 806 2255 conneiiit,
833 2164 973 2240 dicens:
1010 2171 1074 2236 Hic
1091 2186 1161 2237 erat
1182 2176 1222 2240 ia

159 2274 318 2367 principio
341 2268 422 2362 apud
431 2306 434 2310 ι
451 2269 564 2339 Deum.
616 2265 659 2337 ln
682 2265 795 2358 prima
822 2265 1074 2358 propositione
1102 2266 1223 2349 didici·

161 2391 264 2461 mus,
289 2370 326 2440 in
349 2385 422 2457 quo
443 2379 520 2443 erat
543 2376 667 2457 nepot:
693 2363 882 2455 videlicet,
911 2366 1008 2454 quod
1030 2368 1067 2439 in
1090 2368 1222 2459 princi-

163 2472 248 2565 pio:
275 2466 424 2558 &apud
454 2485 559 2555 quem
580 2463 639 2536 hic
664 2476 763 2553 erat,
791 2464 984 2541 videlicet,
1009 2468 1106 2557 quod
1128 2462 1240 2561 apud¹

164 2570 308 2642 Deum:
334 2564 543 2655 &quisnam
562 2573 666 2656 λογος
683 2576 773 2651 erat,
792 2563 976 2655 videlicet,
995 2565 1093 2658 quod
1107 2564 1223 2644 Deus.

162 2668 352 2758 Tanquam
373 2685 461 2759 ergo
487 2661 730 2736 demonstrans
749 2662 984 2756 Sermonem,
1011 2684 1117 2756 quem
1139 2682 1223 2741 ante

165 2770 305 2840 dixerat
333 2764 451 2836 Deum
476 2783 540 2856 per
565 2763 797 2855 particulam,
828 2766 911 2848 Hic,
938 2763 971 2833 da
1000 2766 1036 2835 in
1061 2781 1222 2856 quartam

164 2867 450 2962 propositionem
468 2882 690 2959 congregans
704 2861 809 2934 illud:
837 2866 876 2933 In
889 2866 1048 2959 principio
1061 2881 1129 2935 erat
1146 2870 1223 2939 Ser·

147 2994 234 3060 .mu,
260 2968 300 3042 U
323 2970 430 3037 Sermo
448 2981 517 3033 erat
535 2968 614 3057 apud
629 2967 751 3046 Deum,
773 2960 812 3036 (Τ
832 2967 920 3033 Deus
937 2981 1007 3034 erat
1021 2966 1071 3035 ide
1091 2968 1223 3057 Sermo5

164 3068 300 3159 inquit:
329 3068 389 3136 Hic
404 3082 473 3135 erat
492 3068 528 3131 in
541 3067 699 3158 principio
714 3063 796 3149 apud
816 3064 927 3137 Deum.
962 3060 1084 3137 Potdst
1101 3080 1223 3143 tamen

164 3165 328 3262 principii
350 3184 482 3238 nomen
505 3162 589 3235 sumi
607 3162 714 3234 etiam
736 3161 781 3231 de
797 3160 975 3255 principio
999 3165 1138 3248 mundi,
1164 3164 1222 3241 ad·

164 3265 380 3340 discentibus
397 3265 503 3335 nobis
522 3280 587 3353 per
601 3261 680 3334 haec
695 3257 804 3351 dina,
822 3261 1032 3337 Sermonem
1047 3262 1145 3339 illum
1163 3284 1223 3339 an·

163 3367 358 3458 tiquiorem
386 3360 456 3436 esse
481 3364 588 3434 rebus
610 3381 629 3433 a
655 3361 831 3454 principio
855 3360 966 3438 fastis.
1016 3362 1111 3437 Nam
1135 3364 1159 3438 sr
1186 3371 1225 3437 in
1279 3360 1299 3431 ι’

160 3470 317 3565 principio
340 3463 421 3555 seuit
451 3467 537 3532 Deus
561 3462 666 3531 culum
692 3460 732 3536 θ
758 3476 897 3550 serram,
932 3466 1064 3536 clarum
1091 3460 1143 3535 est
1163 3465 1225 3561 id,

166 3566 264 3657 quod
291 3565 328 3635 in
351 3563 526 3655 principio
554 3574 651 3639 erat,
676 3560 854 3650 antiquius
879 3561 949 3635 ess'e
973 3583 1039 3648 eo,
1066 3563 1226 3653 quodid

165 3663 347 3758 principio
362 3659 492 3734 fesium
508 3661 576 3734 est:
600 3681 670 3733 nec
685 3659 798 3733 solum
813 3658 1038 3737 firmamento
1062 3663 1096 3735 dt
1114 3665 1224 3755 arida,

164 3764 223 3839 sed
242 3764 335 3834 coelo
356 3761 389 3834 it
408 3775 502 3833 terra
519 3756 646 3834 Sermo
663 3761 723 3832 ille
738 3758 790 3832 est
807 3760 999 3853 antiquior.
1035 3758 1147 3836 Forte
1164 3784 1225 3837 au·

165 3876 237 3937 tem
250 3881 328 3935 non
345 3860 492 3934 absurde
508 3863 584 3951 quis
600 3861 775 3953 inquirat,
802 3880 909 3949 quare
921 3882 996 3935 non
1015 3860 1057 3936 iit
1074 3862 1222 3957 diiium,

166 3959 206 4041 in
217 3962 398 4057 principio
415 3974 491 4034 erat
504 3961 630 4036 Sermo
646 3960 716 4035 Dei
726 3984 739 4050 3
757 3959 790 4031 dt
808 3958 932 4035 Sermo
951 3962 1020 4045 ber
1036 3980 1113 4135 θέει
1128 3958 1223 4053 apud

281 4118 284 4123 .
309 4110 315 4123 ·
1084 4081 1196 4146 eumn
