<?xml version="1.0" encoding="UTF-8"?>
<!DOCTYPE html PUBLIC "-//W3C//DTD XHTML 1.0 Transitional//EN"
    "http://www.w3.org/TR/xhtml1/DTD/xhtml1-transitional.dtd">
<html xmlns="http://www.w3.org/1999/xhtml" xml:lang="en" lang="en">
 <head>
  <title>
</title>
<meta http-equiv="Content-Type" content="text/html;charset=utf-8" />
  <meta name='ocr-system' content='tesseract 3.04.00' />
  <meta name='ocr-capabilities' content='ocr_page ocr_carea ocr_par ocr_line ocrx_word'/>
</head>
<body>
  <div class='ocr_page' id='page_1' title='image "./operaomniasanct07unkngoog_0579.png"; bbox 0 0 2817 4575; ppageno 0'>
   <div class='ocr_carea' id='block_1_1' title="bbox 215 319 1260 471">
    <p class='ocr_par' dir='ltr' id='par_1_1' title="bbox 215 319 1260 471">
     <span class='ocr_line' id='line_1_1' title="bbox 215 319 1260 471; baseline 0.004 -24"><span class='ocrx_word' id='word_1_1' title='bbox 215 415 218 420; x_wconf 88' lang='lat'><em>-</em></span> <span class='ocrx_word' id='word_1_2' title='bbox 322 319 388 450; x_wconf 90' lang='lat' dir='ltr'><strong>rN</strong></span> <span class='ocrx_word' id='word_1_3' title='bbox 427 369 750 471; x_wconf 79' lang='lat' dir='ltr'><strong>JonNNvm</strong></span> <span class='ocrx_word' id='word_1_4' title='bbox 762 279 1088 447; x_wconf 82' lang='lat' dir='ltr'><strong>rostx.</strong></span> <span class='ocrx_word' id='word_1_5' title='bbox 1137 396 1211 470; x_wconf 63' lang='grc' dir='ltr'><strong>ιι,</strong></span> <span class='ocrx_word' id='word_1_6' title='bbox 1257 453 1260 463; x_wconf 73' lang='grc'><strong>,</strong></span> 
     </span>
    </p>
   </div>
   <div class='ocr_carea' id='block_1_2' title="bbox 144 485 1331 4207">
    <p class='ocr_par' dir='ltr' id='par_1_2' title="bbox 144 485 1331 4207">
     <span class='ocr_line' id='line_1_2' title="bbox 144 485 1217 705; baseline -0.002 -93"><span class='ocrx_word' id='word_1_7' title='bbox 144 534 355 632; x_wconf 82' lang='grc' dir='ltr'>ιιιιιιιιιιιιο,</span> <span class='ocrx_word' id='word_1_8' title='bbox 378 485 635 627; x_wconf 65' lang='lat' dir='ltr'><strong>considerabis,</strong></span> <span class='ocrx_word' id='word_1_9' title='bbox 658 554 702 609; x_wconf 89' lang='lat' dir='ltr'><strong>an</strong></span> <span class='ocrx_word' id='word_1_10' title='bbox 724 533 827 648; x_wconf 83' lang='lat' dir='ltr'><strong>juxta</strong></span> <span class='ocrx_word' id='word_1_11' title='bbox 844 530 1051 705; x_wconf 57' lang='lat' dir='ltr'><strong>diffiitatem</strong></span> <span class='ocrx_word' id='word_1_12' title='bbox 1070 534 1217 627; x_wconf 81' lang='lat' dir='ltr'><strong>prasen-</strong></span> 
     </span>
     <span class='ocr_line' id='line_1_3' title="bbox 144 633 1215 732; baseline -0.005 -18"><span class='ocrx_word' id='word_1_13' title='bbox 144 640 196 714; x_wconf 92' lang='lat' dir='ltr'><strong>tis</strong></span> <span class='ocrx_word' id='word_1_14' title='bbox 230 638 315 707; x_wconf 78' lang='lat' dir='ltr'><strong>vitae</strong></span> <span class='ocrx_word' id='word_1_15' title='bbox 336 652 436 727; x_wconf 91' lang='lat' dir='ltr'><strong>erat,</strong></span> <span class='ocrx_word' id='word_1_16' title='bbox 464 652 504 708; x_wconf 95' lang='lat' dir='ltr'><strong>ut</strong></span> <span class='ocrx_word' id='word_1_17' title='bbox 522 635 646 729; x_wconf 87' lang='lat' dir='ltr'><strong>Jesus,</strong></span> <span class='ocrx_word' id='word_1_18' title='bbox 673 635 734 727; x_wconf 89' lang='lat' dir='ltr'><strong>qui</strong></span> <span class='ocrx_word' id='word_1_19' title='bbox 765 633 917 707; x_wconf 86' lang='lat' dir='ltr'><strong>fabril</strong></span> <span class='ocrx_word' id='word_1_20' title='bbox 932 652 973 706; x_wconf 92' lang='lat' dir='ltr'><strong>us</strong></span> <span class='ocrx_word' id='word_1_21' title='bbox 1001 637 1215 732; x_wconf 90' lang='lat' dir='ltr'><strong>putabatur,</strong></span> 
     </span>
     <span class='ocr_line' id='line_1_4' title="bbox 144 727 1215 823; baseline -0.001 -12"><span class='ocrx_word' id='word_1_22' title='bbox 144 757 230 811; x_wconf 86' lang='lat' dir='ltr'><strong>rem</strong></span> <span class='ocrx_word' id='word_1_23' title='bbox 254 735 358 810; x_wconf 92' lang='lat' dir='ltr'><strong>talem</strong></span> <span class='ocrx_word' id='word_1_24' title='bbox 379 734 527 808; x_wconf 83' lang='lat' dir='ltr'>auderet</span> <span class='ocrx_word' id='word_1_25' title='bbox 546 734 691 823; x_wconf 73' lang='lat' dir='ltr'><strong>sacerea</strong></span> <span class='ocrx_word' id='word_1_26' title='bbox 718 727 910 806; x_wconf 84' lang='lat' dir='ltr'><strong>extrudere</strong></span> <span class='ocrx_word' id='word_1_27' title='bbox 931 733 1104 806; x_wconf 88' lang='lat' dir='ltr'><strong>videlicet</strong></span> <span class='ocrx_word' id='word_1_28' title='bbox 1125 755 1215 810; x_wconf 90' lang='lat' dir='ltr'><strong>mer·</strong></span> 
     </span>
     <span class='ocr_line' id='line_1_5' title="bbox 144 830 1217 927; baseline 0.005 -19"><span class='ocrx_word' id='word_1_29' title='bbox 144 851 320 912; x_wconf 89' lang='lat' dir='ltr'><strong>catorum</strong></span> <span class='ocrx_word' id='word_1_30' title='bbox 339 836 627 916; x_wconf 83' lang='lat' dir='ltr'>multitudinem,</span> <span class='ocrx_word' id='word_1_31' title='bbox 651 835 712 927; x_wconf 90' lang='lat' dir='ltr'><strong>qui</strong></span> <span class='ocrx_word' id='word_1_32' title='bbox 729 832 772 906; x_wconf 93' lang='lat' dir='ltr'><strong>ad</strong></span> <span class='ocrx_word' id='word_1_33' title='bbox 793 830 885 906; x_wconf 89' lang='lat' dir='ltr'><strong>diem</strong></span> <span class='ocrx_word' id='word_1_34' title='bbox 907 830 1034 917; x_wconf 84' lang='lat' dir='ltr'><strong>festum</strong></span> <span class='ocrx_word' id='word_1_35' title='bbox 1052 831 1217 914; x_wconf 78' lang='lat' dir='ltr'><strong>ascende-</strong></span> 
     </span>
     <span class='ocr_line' id='line_1_6' title="bbox 144 921 1215 1032; baseline -0.002 -22"><span class='ocrx_word' id='word_1_36' title='bbox 144 951 256 1026; x_wconf 84' lang='lat' dir='ltr'><strong>rant,</strong></span> <span class='ocrx_word' id='word_1_37' title='bbox 284 934 497 1008; x_wconf 90' lang='lat' dir='ltr'><strong>distributuri</strong></span> <span class='ocrx_word' id='word_1_38' title='bbox 521 921 638 1011; x_wconf 92' lang='lat' dir='ltr'><strong>boves</strong></span> <span class='ocrx_word' id='word_1_39' title='bbox 659 933 898 1032; x_wconf 84' lang='lat' dir='ltr'><strong>ditioribus,</strong></span> <span class='ocrx_word' id='word_1_40' title='bbox 897 929 931 1004; x_wconf 79' lang='lat' dir='ltr'><strong>dr</strong></span> <span class='ocrx_word' id='word_1_41' title='bbox 954 944 1057 1006; x_wconf 88' lang='lat' dir='ltr'><strong>tauto</strong></span> <span class='ocrx_word' id='word_1_42' title='bbox 1077 937 1215 1027; x_wconf 85' lang='lat' dir='ltr'><strong>populo</strong></span> 
     </span>
     <span class='ocr_line' id='line_1_7' title="bbox 144 1019 1217 1128; baseline 0.002 -21"><span class='ocrx_word' id='word_1_43' title='bbox 144 1055 247 1114; x_wconf 90' lang='lat' dir='ltr'><strong>oves</strong></span> <span class='ocrx_word' id='word_1_44' title='bbox 271 1032 469 1112; x_wconf 76' lang='lat' dir='ltr'><strong>nauandas</strong></span> <span class='ocrx_word' id='word_1_45' title='bbox 494 1054 557 1128; x_wconf 90' lang='lat' dir='ltr'><strong>per</strong></span> <span class='ocrx_word' id='word_1_46' title='bbox 578 1035 709 1114; x_wconf 89' lang='lat' dir='ltr'><strong>domos</strong></span> <span class='ocrx_word' id='word_1_47' title='bbox 729 1019 958 1123; x_wconf 80' lang='lat' dir='ltr'><strong>familiarum,</strong></span> <span class='ocrx_word' id='word_1_48' title='bbox 984 1052 1062 1125; x_wconf 83' lang='lat' dir='ltr'><strong>quae</strong></span> <span class='ocrx_word' id='word_1_49' title='bbox 1084 1033 1217 1109; x_wconf 90' lang='lat' dir='ltr'><strong>multo·</strong></span> 
     </span>
     <span class='ocr_line' id='line_1_8' title="bbox 144 1131 1217 1228; baseline -0.001 -20"><span class='ocrx_word' id='word_1_50' title='bbox 144 1156 234 1208; x_wconf 87' lang='lat' dir='ltr'><strong>rum</strong></span> <span class='ocrx_word' id='word_1_51' title='bbox 255 1133 400 1207; x_wconf 84' lang='lat' dir='ltr'><strong>millium</strong></span> <span class='ocrx_word' id='word_1_52' title='bbox 412 1131 641 1228; x_wconf 80' lang='lat' dir='ltr'><strong>¹complerent</strong></span> <span class='ocrx_word' id='word_1_53' title='bbox 659 1152 866 1217; x_wconf 71' lang='lat' dir='ltr'><strong>numerumt</strong></span> <span class='ocrx_word' id='word_1_54' title='bbox 884 1144 992 1224; x_wconf 90' lang='lat' dir='ltr'><strong>atque</strong></span> <span class='ocrx_word' id='word_1_55' title='bbox 1010 1153 1090 1225; x_wconf 89' lang='lat' dir='ltr'><strong>eos,</strong></span> <span class='ocrx_word' id='word_1_56' title='bbox 1107 1135 1217 1224; x_wconf 89' lang='lat' dir='ltr'><strong>quiin</strong></span> 
     </span>
     <span class='ocr_line' id='line_1_9' title="bbox 144 1230 1227 1330; baseline 0.001 -22"><span class='ocrx_word' id='word_1_57' title='bbox 144 1238 263 1330; x_wconf 81' lang='lat' dir='ltr'><strong>rebus</strong></span> <span class='ocrx_word' id='word_1_58' title='bbox 282 1233 417 1306; x_wconf 84' lang='lat' dir='ltr'><strong>talibus</strong></span> <span class='ocrx_word' id='word_1_59' title='bbox 429 1235 630 1330; x_wconf 68' lang='lat' dir='ltr'><strong>gloriantes</strong></span> <span class='ocrx_word' id='word_1_60' title='bbox 649 1230 856 1327; x_wconf 79' lang='lat' dir='ltr'><strong>producturi</strong></span> <span class='ocrx_word' id='word_1_61' title='bbox 876 1233 913 1304; x_wconf 94' lang='lat' dir='ltr'><strong>in</strong></span> <span class='ocrx_word' id='word_1_62' title='bbox 934 1231 1089 1307; x_wconf 89' lang='lat' dir='ltr'><strong>medium</strong></span> <span class='ocrx_word' id='word_1_63' title='bbox 1115 1250 1227 1309; x_wconf 87' lang='lat' dir='ltr'><strong>erant·</strong></span> 
     </span>
     <span class='ocr_line' id='line_1_10' title="bbox 144 1332 1260 1428; baseline 0.001 -21"><span class='ocrx_word' id='word_1_64' title='bbox 144 1333 363 1426; x_wconf 87' lang='lat' dir='ltr'><strong>columbas,</strong></span> <span class='ocrx_word' id='word_1_65' title='bbox 391 1355 478 1425; x_wconf 87' lang='lat' dir='ltr'><strong>quas</strong></span> <span class='ocrx_word' id='word_1_66' title='bbox 505 1335 606 1408; x_wconf 91' lang='lat' dir='ltr'><strong>multi</strong></span> <span class='ocrx_word' id='word_1_67' title='bbox 631 1334 786 1428; x_wconf 85' lang='lat' dir='ltr'><strong>empturi</strong></span> <span class='ocrx_word' id='word_1_68' title='bbox 814 1345 941 1424; x_wconf 89' lang='lat' dir='ltr'><strong>eraut,</strong></span> <span class='ocrx_word' id='word_1_69' title='bbox 976 1350 1045 1404; x_wconf 89' lang='lat' dir='ltr'><strong>ceu</strong></span> <span class='ocrx_word' id='word_1_70' title='bbox 1068 1332 1105 1405; x_wconf 90' lang='lat' dir='ltr'><strong>in</strong></span> <span class='ocrx_word' id='word_1_71' title='bbox 1130 1352 1218 1408; x_wconf 89' lang='lat' dir='ltr'><strong>con·</strong></span> <span class='ocrx_word' id='word_1_72' title='bbox 1256 1383 1260 1389; x_wconf 92' lang='lat'><em>-</em></span> 
     </span>
     <span class='ocr_line' id='line_1_11' title="bbox 144 1428 1216 1526; baseline -0.002 -17"><span class='ocrx_word' id='word_1_73' title='bbox 144 1445 273 1509; x_wconf 90' lang='lat' dir='ltr'><strong>ventu</strong></span> <span class='ocrx_word' id='word_1_74' title='bbox 290 1431 523 1508; x_wconf 89' lang='lat' dir='ltr'><strong>celeberrimo</strong></span> <span class='ocrx_word' id='word_1_75' title='bbox 548 1431 792 1506; x_wconf 86' lang='lat' dir='ltr'><strong>convivaturi.</strong></span> <span class='ocrx_word' id='word_1_76' title='bbox 829 1428 1080 1514; x_wconf 81' lang='lat' dir='ltr'><strong>Considerabir</strong></span> <span class='ocrx_word' id='word_1_77' title='bbox 1094 1434 1216 1526; x_wconf 85' lang='lat' dir='ltr'><strong>etiarn,</strong></span> 
     </span>
     <span class='ocr_line' id='line_1_12' title="bbox 146 1527 1218 1625; baseline -0.003 -16"><span class='ocrx_word' id='word_1_78' title='bbox 146 1555 200 1609; x_wconf 86' lang='lat' dir='ltr'><strong>atn</strong></span> <span class='ocrx_word' id='word_1_79' title='bbox 226 1534 506 1607; x_wconf 79' lang='lat' dir='ltr'><strong>numulariorum</strong></span> <span class='ocrx_word' id='word_1_80' title='bbox 532 1546 630 1625; x_wconf 90' lang='lat' dir='ltr'><strong>erat,</strong></span> <span class='ocrx_word' id='word_1_81' title='bbox 655 1553 732 1606; x_wconf 92' lang='lat' dir='ltr'><strong>non</strong></span> <span class='ocrx_word' id='word_1_82' title='bbox 758 1527 922 1604; x_wconf 88' lang='lat' dir='ltr'><strong>accusare</strong></span> <span class='ocrx_word' id='word_1_83' title='bbox 946 1530 1063 1625; x_wconf 90' lang='lat' dir='ltr'><strong>Jesum</strong></span> <span class='ocrx_word' id='word_1_84' title='bbox 1083 1532 1218 1625; x_wconf 84' lang='lat' dir='ltr'><strong>injuriae</strong></span> 
     </span>
     <span class='ocr_line' id='line_1_13' title="bbox 148 1628 1303 1730; baseline 0.002 -27"><span class='ocrx_word' id='word_1_85' title='bbox 148 1647 308 1730; x_wconf 88' lang='lat' dir='ltr'><strong>propter</strong></span> <span class='ocrx_word' id='word_1_86' title='bbox 330 1629 407 1705; x_wconf 88' lang='lat' dir='ltr'><strong>suas</strong></span> <span class='ocrx_word' id='word_1_87' title='bbox 422 1628 578 1725; x_wconf 87' lang='lat' dir='ltr'><strong>ipsorum</strong></span> <span class='ocrx_word' id='word_1_88' title='bbox 600 1628 726 1704; x_wconf 86' lang='lat' dir='ltr'><strong>effusas</strong></span> <span class='ocrx_word' id='word_1_89' title='bbox 745 1630 915 1726; x_wconf 84' lang='lat' dir='ltr'><strong>pecunias</strong></span> <span class='ocrx_word' id='word_1_90' title='bbox 938 1629 1123 1704; x_wconf 86' lang='lat' dir='ltr'><strong>&amp;mensas</strong></span> <span class='ocrx_word' id='word_1_91' title='bbox 1142 1631 1219 1705; x_wconf 89' lang='lat' dir='ltr'><strong>sub·</strong></span> <span class='ocrx_word' id='word_1_92' title='bbox 1301 1687 1303 1692; x_wconf 79' lang='grc'><em>.</em></span> 
     </span>
     <span class='ocr_line' id='line_1_14' title="bbox 152 1729 1218 1828; baseline -0.005 -18"><span class='ocrx_word' id='word_1_93' title='bbox 152 1730 291 1810; x_wconf 88' lang='lat' dir='ltr'><strong>versas</strong></span> <span class='ocrx_word' id='word_1_94' title='bbox 344 1732 436 1828; x_wconf 85' lang='lat' dir='ltr'><strong>Quis</strong></span> <span class='ocrx_word' id='word_1_95' title='bbox 454 1747 573 1803; x_wconf 88' lang='lat' dir='ltr'><strong>autem</strong></span> <span class='ocrx_word' id='word_1_96' title='bbox 597 1730 740 1827; x_wconf 86' lang='lat' dir='ltr'><strong>flagello</strong></span> <span class='ocrx_word' id='word_1_97' title='bbox 761 1752 781 1802; x_wconf 93' lang='lat' dir='ltr'><strong>e</strong></span> <span class='ocrx_word' id='word_1_98' title='bbox 799 1729 967 1803; x_wconf 88' lang='lat' dir='ltr'><strong>funiculis</strong></span> <span class='ocrx_word' id='word_1_99' title='bbox 989 1733 1218 1827; x_wconf 88' lang='lat' dir='ltr'><strong>verberatus,</strong></span> 
     </span>
     <span class='ocr_line' id='line_1_15' title="bbox 153 1827 1220 1928; baseline -0.005 -20"><span class='ocrx_word' id='word_1_100' title='bbox 153 1827 397 1924; x_wconf 80' lang='lat' dir='ltr'><strong>expulsosque</strong></span> <span class='ocrx_word' id='word_1_101' title='bbox 423 1832 466 1902; x_wconf 92' lang='lat' dir='ltr'><strong>ab</strong></span> <span class='ocrx_word' id='word_1_102' title='bbox 489 1852 560 1922; x_wconf 91' lang='lat' dir='ltr'><strong>eo,</strong></span> <span class='ocrx_word' id='word_1_103' title='bbox 588 1832 648 1922; x_wconf 90' lang='lat' dir='ltr'><strong>qui</strong></span> <span class='ocrx_word' id='word_1_104' title='bbox 672 1851 783 1928; x_wconf 88' lang='lat' dir='ltr'><strong>penes</strong></span> <span class='ocrx_word' id='word_1_105' title='bbox 809 1849 873 1903; x_wconf 91' lang='lat' dir='ltr'><strong>eos</strong></span> <span class='ocrx_word' id='word_1_106' title='bbox 894 1829 1091 1905; x_wconf 86' lang='lat' dir='ltr'><strong>habebatur</strong></span> <span class='ocrx_word' id='word_1_107' title='bbox 1114 1833 1220 1924; x_wconf 90' lang='lat' dir='ltr'><strong>vilis,</strong></span> 
     </span>
     <span class='ocr_line' id='line_1_16' title="bbox 152 1919 1287 2026; baseline 0.002 -23"><span class='ocrx_word' id='word_1_108' title='bbox 152 1932 256 2026; x_wconf 80' lang='lat' dir='ltr'><strong>bunc</strong></span> <span class='ocrx_word' id='word_1_109' title='bbox 273 1929 419 2004; x_wconf 90' lang='lat' dir='ltr'><strong>adortus</strong></span> <span class='ocrx_word' id='word_1_110' title='bbox 436 1939 513 2004; x_wconf 89' lang='lat' dir='ltr'><strong>non</strong></span> <span class='ocrx_word' id='word_1_111' title='bbox 531 1919 771 2020; x_wconf 77' lang='lat' dir='ltr'><strong>inclamasset,</strong></span> <span class='ocrx_word' id='word_1_112' title='bbox 788 1928 877 2000; x_wconf 88' lang='lat' dir='ltr'><strong>totis</strong></span> <span class='ocrx_word' id='word_1_113' title='bbox 893 1928 1030 2001; x_wconf 91' lang='lat' dir='ltr'><strong>viribus</strong></span> <span class='ocrx_word' id='word_1_114' title='bbox 1049 1926 1121 2003; x_wconf 90' lang='lat' dir='ltr'><strong>sese</strong></span> <span class='ocrx_word' id='word_1_115' title='bbox 1134 1932 1222 2006; x_wconf 89' lang='lat' dir='ltr'><strong>ulci-</strong></span> <span class='ocrx_word' id='word_1_116' title='bbox 1285 1964 1287 1972; x_wconf 54' lang='lat'><strong><em>¹</em></strong></span> 
     </span>
     <span class='ocr_line' id='line_1_17' title="bbox 146 2017 1225 2127; baseline 0 -21"><span class='ocrx_word' id='word_1_117' title='bbox 146 2017 283 2121; x_wconf 77' lang='lat' dir='ltr'><strong>scens,</strong></span> <span class='ocrx_word' id='word_1_118' title='bbox 311 2047 391 2104; x_wconf 86' lang='lat' dir='ltr'><strong>cum</strong></span> <span class='ocrx_word' id='word_1_119' title='bbox 409 2028 601 2127; x_wconf 83' lang='lat' dir='ltr'><strong>praesertim</strong></span> <span class='ocrx_word' id='word_1_120' title='bbox 618 2041 754 2124; x_wconf 84' lang='lat' dir='ltr'><strong>tantam</strong></span> <span class='ocrx_word' id='word_1_121' title='bbox 781 2028 933 2102; x_wconf 92' lang='lat' dir='ltr'><strong>haberet</strong></span> <span class='ocrx_word' id='word_1_122' title='bbox 957 2029 1225 2106; x_wconf 85' lang='lat' dir='ltr'><strong>multitudinem</strong></span> 
     </span>
     <span class='ocr_line' id='line_1_18' title="bbox 155 2123 1222 2220; baseline -0.001 -16"><span class='ocrx_word' id='word_1_123' title='bbox 155 2149 309 2217; x_wconf 88' lang='lat' dir='ltr'><strong>eorum,-</strong></span> <span class='ocrx_word' id='word_1_124' title='bbox 336 2130 395 2219; x_wconf 89' lang='lat' dir='ltr'><strong>qui</strong></span> <span class='ocrx_word' id='word_1_125' title='bbox 413 2123 480 2202; x_wconf 89' lang='lat' dir='ltr'><strong>srbi</strong></span> <span class='ocrx_word' id='word_1_126' title='bbox 503 2150 603 2220; x_wconf 81' lang='lat' dir='ltr'><strong>acque</strong></span> <span class='ocrx_word' id='word_1_127' title='bbox 625 2129 881 2214; x_wconf 89' lang='lat' dir='ltr'><strong>contumeliam</strong></span> <span class='ocrx_word' id='word_1_128' title='bbox 911 2123 988 2201; x_wconf 93' lang='lat' dir='ltr'><strong>fieri</strong></span> <span class='ocrx_word' id='word_1_129' title='bbox 1014 2128 1222 2219; x_wconf 83' lang='lat' dir='ltr'><strong>credebant,</strong></span> 
     </span>
     <span class='ocr_line' id='line_1_19' title="bbox 154 2224 1223 2325; baseline -0.003 -18"><span class='ocrx_word' id='word_1_130' title='bbox 154 2227 346 2307; x_wconf 80' lang='lat' dir='ltr'><strong>faventem</strong></span> <span class='ocrx_word' id='word_1_131' title='bbox 364 2226 427 2303; x_wconf 85' lang='lat' dir='ltr'><strong>fibi</strong></span> <span class='ocrx_word' id='word_1_132' title='bbox 451 2225 636 2309; x_wconf 83' lang='lat' dir='ltr'><strong>adversum</strong></span> <span class='ocrx_word' id='word_1_133' title='bbox 655 2225 800 2325; x_wconf 75' lang='lat' dir='ltr'><strong>Jesum?</strong></span> <span class='ocrx_word' id='word_1_134' title='bbox 851 2224 998 2321; x_wconf 89' lang='lat' dir='ltr'><strong>Insuper</strong></span> <span class='ocrx_word' id='word_1_135' title='bbox 1023 2227 1223 2305; x_wconf 88' lang='lat' dir='ltr'><strong>confidere·</strong></span> 
     </span>
     <span class='ocr_line' id='line_1_20' title="bbox 157 2323 1225 2426; baseline 0.007 -27"><span class='ocrx_word' id='word_1_136' title='bbox 157 2350 238 2423; x_wconf 84' lang='lat' dir='ltr'><strong>mus</strong></span> <span class='ocrx_word' id='word_1_137' title='bbox 254 2327 325 2399; x_wconf 90' lang='lat' dir='ltr'><strong>Dei</strong></span> <span class='ocrx_word' id='word_1_138' title='bbox 339 2323 448 2403; x_wconf 86' lang='lat' dir='ltr'><strong>filium</strong></span> <span class='ocrx_word' id='word_1_139' title='bbox 466 2328 648 2404; x_wconf 89' lang='lat' dir='ltr'><strong>funiculos</strong></span> <span class='ocrx_word' id='word_1_140' title='bbox 665 2328 881 2418; x_wconf 88' lang='lat' dir='ltr'><strong>sumentem,</strong></span> <span class='ocrx_word' id='word_1_141' title='bbox 896 2326 1030 2420; x_wconf 84' lang='lat' dir='ltr'><strong>sibique</strong></span> <span class='ocrx_word' id='word_1_142' title='bbox 1045 2327 1225 2426; x_wconf 84' lang='lat' dir='ltr'><strong>flagellum</strong></span> 
     </span>
     <span class='ocr_line' id='line_1_21' title="bbox 159 2426 1226 2524; baseline 0.001 -20"><span class='ocrx_word' id='word_1_143' title='bbox 159 2442 371 2519; x_wconf 85' lang='lat' dir='ltr'><strong>texentem,</strong></span> <span class='ocrx_word' id='word_1_144' title='bbox 387 2426 429 2500; x_wconf 91' lang='lat' dir='ltr'><strong>ad</strong></span> <span class='ocrx_word' id='word_1_145' title='bbox 448 2428 709 2505; x_wconf 83' lang='lat' dir='ltr'><strong>extrudendum</strong></span> <span class='ocrx_word' id='word_1_146' title='bbox 729 2451 749 2501; x_wconf 94' lang='lat' dir='ltr'><strong>e</strong></span> <span class='ocrx_word' id='word_1_147' title='bbox 767 2429 927 2521; x_wconf 87' lang='lat' dir='ltr'><strong>templo,</strong></span> <span class='ocrx_word' id='word_1_148' title='bbox 946 2448 991 2502; x_wconf 87' lang='lat' dir='ltr'><strong>au</strong></span> <span class='ocrx_word' id='word_1_149' title='bbox 1005 2450 1080 2503; x_wconf 91' lang='lat' dir='ltr'><strong>non</strong></span> <span class='ocrx_word' id='word_1_150' title='bbox 1099 2452 1226 2524; x_wconf 85' lang='lat' dir='ltr'><strong>reprae-</strong></span> 
     </span>
     <span class='ocr_line' id='line_1_22' title="bbox 159 2526 1227 2620; baseline -0.001 -14"><span class='ocrx_word' id='word_1_151' title='bbox 159 2526 301 2618; x_wconf 86' lang='lat' dir='ltr'><strong>sentet,</strong></span> <span class='ocrx_word' id='word_1_152' title='bbox 329 2539 456 2618; x_wconf 83' lang='lat' dir='ltr'><strong>praeter</strong></span> <span class='ocrx_word' id='word_1_153' title='bbox 482 2527 664 2602; x_wconf 84' lang='lat' dir='ltr'><strong>audaciam</strong></span> <span class='ocrx_word' id='word_1_154' title='bbox 691 2528 727 2601; x_wconf 84' lang='grc' dir='ltr'><strong>ιιι</strong></span> <span class='ocrx_word' id='word_1_155' title='bbox 753 2527 1016 2620; x_wconf 85' lang='lat' dir='ltr'><strong>temeritatem,</strong></span> <span class='ocrx_word' id='word_1_156' title='bbox 1047 2531 1227 2605; x_wconf 86' lang='lat' dir='ltr'><strong>inordina·</strong></span> 
     </span>
     <span class='ocr_line' id='line_1_23' title="bbox 162 2626 1230 2719; baseline 0.001 -15"><span class='ocrx_word' id='word_1_157' title='bbox 162 2641 240 2705; x_wconf 91' lang='lat' dir='ltr'><strong>tum</strong></span> <span class='ocrx_word' id='word_1_158' title='bbox 262 2628 368 2700; x_wconf 85' lang='lat' dir='ltr'><strong>ctiam</strong></span> <span class='ocrx_word' id='word_1_159' title='bbox 385 2626 561 2719; x_wconf 88' lang='lat' dir='ltr'><strong>quiddam.</strong></span> <span class='ocrx_word' id='word_1_160' title='bbox 610 2626 663 2700; x_wconf 80' lang='lat' dir='ltr'><strong>At</strong></span> <span class='ocrx_word' id='word_1_161' title='bbox 685 2647 777 2700; x_wconf 89' lang='lat' dir='ltr'><strong>vcro</strong></span> <span class='ocrx_word' id='word_1_162' title='bbox 803 2646 911 2700; x_wconf 91' lang='lat' dir='ltr'><strong>unum</strong></span> <span class='ocrx_word' id='word_1_163' title='bbox 933 2628 1145 2717; x_wconf 89' lang='lat' dir='ltr'><strong>relinquitur</strong></span> <span class='ocrx_word' id='word_1_164' title='bbox 1168 2631 1230 2705; x_wconf 92' lang='lat' dir='ltr'><strong>de·</strong></span> 
     </span>
     <span class='ocr_line' id='line_1_24' title="bbox 161 2724 1231 2826; baseline 0.004 -27"><span class='ocrx_word' id='word_1_165' title='bbox 161 2724 334 2807; x_wconf 80' lang='lat' dir='ltr'><strong>fensronis</strong></span> <span class='ocrx_word' id='word_1_166' title='bbox 358 2724 545 2826; x_wconf 85' lang='lat' dir='ltr'><strong>suffugium</strong></span> <span class='ocrx_word' id='word_1_167' title='bbox 570 2740 698 2800; x_wconf 91' lang='lat' dir='ltr'><strong>contra</strong></span> <span class='ocrx_word' id='word_1_168' title='bbox 719 2726 795 2800; x_wconf 87' lang='lat' dir='ltr'><strong>baec</strong></span> <span class='ocrx_word' id='word_1_169' title='bbox 821 2728 963 2799; x_wconf 88' lang='lat' dir='ltr'><strong>volenti</strong></span> <span class='ocrx_word' id='word_1_170' title='bbox 980 2728 1096 2803; x_wconf 90' lang='lat' dir='ltr'><strong>etiam</strong></span> <span class='ocrx_word' id='word_1_171' title='bbox 1123 2726 1231 2803; x_wconf 88' lang='lat' dir='ltr'><strong>histo·</strong></span> 
     </span>
     <span class='ocr_line' id='line_1_25' title="bbox 161 2821 1231 2944; baseline 0.004 -46"><span class='ocrx_word' id='word_1_172' title='bbox 161 2828 251 2905; x_wconf 85' lang='lat' dir='ltr'><strong>aiam</strong></span> <span class='ocrx_word' id='word_1_173' title='bbox 272 2821 435 2917; x_wconf 88' lang='lat' dir='ltr'><strong>servare,</strong></span> <span class='ocrx_word' id='word_1_174' title='bbox 462 2828 517 2899; x_wconf 92' lang='lat' dir='ltr'><strong>vis</strong></span> <span class='ocrx_word' id='word_1_175' title='bbox 546 2825 704 2921; x_wconf 79' lang='lat' dir='ltr'><strong>quaedam</strong></span> <span class='ocrx_word' id='word_1_176' title='bbox 729 2824 809 2921; x_wconf 89' lang='lat' dir='ltr'><strong>Jesu</strong></span> <span class='ocrx_word' id='word_1_177' title='bbox 833 2824 1015 2917; x_wconf 88' lang='lat' dir='ltr'><strong>divinior,</strong></span> <span class='ocrx_word' id='word_1_178' title='bbox 1040 2829 1099 2918; x_wconf 88' lang='lat' dir='ltr'><strong>qui</strong></span> <span class='ocrx_word' id='word_1_179' title='bbox 1124 2843 1231 2944; x_wconf 77' lang='lat' dir='ltr'><strong>pote</strong></span> 
     </span>
     <span class='ocr_line' id='line_1_26' title="bbox 162 2924 1304 3022; baseline 0.004 -23"><span class='ocrx_word' id='word_1_180' title='bbox 162 2939 240 3005; x_wconf 86' lang='lat' dir='ltr'><strong>rat,</strong></span> <span class='ocrx_word' id='word_1_181' title='bbox 266 2944 347 2999; x_wconf 91' lang='lat' dir='ltr'><strong>cum</strong></span> <span class='ocrx_word' id='word_1_182' title='bbox 376 2926 517 3017; x_wconf 86' lang='lat' dir='ltr'><strong>vellet,</strong></span> <span class='ocrx_word' id='word_1_183' title='bbox 544 2924 834 3002; x_wconf 89' lang='lat' dir='ltr'><strong>inflammatum</strong></span> <span class='ocrx_word' id='word_1_184' title='bbox 824 2926 1052 3001; x_wconf 87' lang='lat' dir='ltr'><strong>mimicorum</strong></span> <span class='ocrx_word' id='word_1_185' title='bbox 1077 2929 1231 3005; x_wconf 88' lang='lat' dir='ltr'><strong>animum</strong></span> <span class='ocrx_word' id='word_1_186' title='bbox 1302 3016 1304 3022; x_wconf 41' lang='lat'><strong><em>‚</em></strong></span> 
     </span>
     <span class='ocr_line' id='line_1_27' title="bbox 163 3022 1327 3124; baseline 0.002 -20"><span class='ocrx_word' id='word_1_187' title='bbox 163 3025 401 3119; x_wconf 82' lang='lat' dir='ltr'><strong>extinguere,</strong></span> <span class='ocrx_word' id='word_1_188' title='bbox 428 3023 460 3098; x_wconf 84' lang='grc' dir='ltr'><strong>ιιι</strong></span> <span class='ocrx_word' id='word_1_189' title='bbox 477 3029 589 3117; x_wconf 88' lang='lat' dir='ltr'><strong>multa</strong></span> <span class='ocrx_word' id='word_1_190' title='bbox 605 3022 792 3103; x_wconf 87' lang='lat' dir='ltr'><strong>hominum</strong></span> <span class='ocrx_word' id='word_1_191' title='bbox 808 3026 917 3101; x_wconf 88' lang='lat' dir='ltr'><strong>millia</strong></span> <span class='ocrx_word' id='word_1_192' title='bbox 933 3024 1097 3119; x_wconf 88' lang='lat' dir='ltr'><strong>superare</strong></span> <span class='ocrx_word' id='word_1_193' title='bbox 1120 3031 1233 3124; x_wconf 78' lang='lat' dir='ltr'><strong>gratia</strong></span> <span class='ocrx_word' id='word_1_194' title='bbox 1325 3043 1327 3047; x_wconf 84' lang='grc'><strong><em>·</em></strong></span> 
     </span>
     <span class='ocr_line' id='line_1_28' title="bbox 164 3103 1231 3243; baseline 0.003 -44"><span class='ocrx_word' id='word_1_195' title='bbox 164 3126 310 3217; x_wconf 86' lang='lat' dir='ltr'><strong>divina,</strong></span> <span class='ocrx_word' id='word_1_196' title='bbox 338 3103 627 3243; x_wconf 76' lang='lat' dir='ltr'><strong>dccogitationea</strong></span> <span class='ocrx_word' id='word_1_197' title='bbox 644 3125 938 3205; x_wconf 88' lang='lat' dir='ltr'><strong>tumultuantium</strong></span> <span class='ocrx_word' id='word_1_198' title='bbox 958 3124 1134 3220; x_wconf 85' lang='lat' dir='ltr'><strong>diffiparc:</strong></span> <span class='ocrx_word' id='word_1_199' title='bbox 1164 3134 1231 3202; x_wconf 84' lang='lat' dir='ltr'><strong>Do·</strong></span> 
     </span>
     <span class='ocr_line' id='line_1_29' title="bbox 165 3221 1231 3326; baseline 0.009 -35"><span class='ocrx_word' id='word_1_200' title='bbox 165 3229 273 3302; x_wconf 73' lang='lat' dir='ltr'><strong>mainus</strong></span> <span class='ocrx_word' id='word_1_201' title='bbox 292 3227 434 3300; x_wconf 74' lang='lat' dir='ltr'><strong>enimi</strong></span> <span class='ocrx_word' id='word_1_202' title='bbox 401 3225 422 3297; x_wconf 81' lang='lat' dir='ltr'><strong>ts</strong></span> <span class='ocrx_word' id='word_1_203' title='bbox 424 3221 473 3317; x_wconf 83' lang='lat' dir='ltr'><em>ff</em></span> <span class='ocrx_word' id='word_1_204' title='bbox 460 3241 527 3320; x_wconf 83' lang='lat' dir='ltr'><strong>pot</strong></span> <span class='ocrx_word' id='word_1_205' title='bbox 543 3225 669 3322; x_wconf 78' lang='grc' dir='ltr'>ιιιιβιιιι</span> <span class='ocrx_word' id='word_1_206' title='bbox 684 3226 853 3321; x_wconf 81' lang='lat' dir='ltr'><strong>gentium,</strong></span> <span class='ocrx_word' id='word_1_207' title='bbox 879 3223 916 3305; x_wconf 69' lang='grc' dir='ltr'>Ο</span> <span class='ocrx_word' id='word_1_208' title='bbox 928 3225 1054 3326; x_wconf 76' lang='lat' dir='ltr'><strong>spernit</strong></span> <span class='ocrx_word' id='word_1_209' title='bbox 1069 3235 1231 3323; x_wconf 84' lang='lat' dir='ltr'><strong>cogitatio-</strong></span> 
     </span>
     <span class='ocr_line' id='line_1_30' title="bbox 164 3316 1234 3424; baseline 0.005 -29"><span class='ocrx_word' id='word_1_210' title='bbox 164 3352 222 3401; x_wconf 80' lang='lat' dir='ltr'><strong>raes</strong></span> <span class='ocrx_word' id='word_1_211' title='bbox 246 3316 451 3420; x_wconf 61' lang='lat' dir='ltr'><strong>populorum</strong></span> <span class='ocrx_word' id='word_1_212' title='bbox 478 3326 637 3422; x_wconf 81' lang='lat' dir='ltr'><strong>confilium</strong></span> <span class='ocrx_word' id='word_1_213' title='bbox 657 3342 763 3400; x_wconf 81' lang='lat' dir='ltr'><strong>eutem</strong></span> <span class='ocrx_word' id='word_1_214' title='bbox 789 3329 961 3397; x_wconf 81' lang='lat' dir='ltr'><strong>Domini</strong></span> <span class='ocrx_word' id='word_1_215' title='bbox 949 3351 986 3396; x_wconf 85' lang='lat' dir='ltr'><strong>m</strong></span> <span class='ocrx_word' id='word_1_216' title='bbox 1009 3331 1234 3424; x_wconf 72' lang='lat' dir='ltr'><strong>sempiternum</strong></span> 
     </span>
     <span class='ocr_line' id='line_1_31' title="bbox 162 3422 1234 3526; baseline 0.01 -30.239"><span class='ocrx_word' id='word_1_217' title='bbox 162 3425 300 3526; x_wconf 71' lang='lat' dir='ltr'><strong>praelim</strong></span> <span class='ocrx_word' id='word_1_218' title='bbox 327 3425 417 3499; x_wconf 89' lang='lat' dir='ltr'><strong>adeo</strong></span> <span class='ocrx_word' id='word_1_219' title='bbox 433 3439 473 3498; x_wconf 91' lang='lat' dir='ltr'><strong>ut</strong></span> <span class='ocrx_word' id='word_1_220' title='bbox 487 3425 632 3503; x_wconf 89' lang='lat' dir='ltr'><strong>historia</strong></span> <span class='ocrx_word' id='word_1_221' title='bbox 652 3425 832 3520; x_wconf 81' lang='lat' dir='ltr'><strong>presentis</strong></span> <span class='ocrx_word' id='word_1_222' title='bbox 850 3424 923 3501; x_wconf 89' lang='lat' dir='ltr'><strong>loci</strong></span> <span class='ocrx_word' id='word_1_223' title='bbox 940 3423 964 3520; x_wconf 91' lang='grc'>&lt;</span> <span class='ocrx_word' id='word_1_224' title='bbox 975 3422 999 3501; x_wconf 84' lang='lat' dir='ltr'>fi</span> <span class='ocrx_word' id='word_1_225' title='bbox 1019 3430 1138 3502; x_wconf 85' lang='lat' dir='ltr'><strong>tamen</strong></span> <span class='ocrx_word' id='word_1_226' title='bbox 1158 3431 1234 3506; x_wconf 79' lang='lat' dir='ltr'><strong>hec</strong></span> 
     </span>
     <span class='ocr_line' id='line_1_32' title="bbox 162 3449 1235 3615; baseline 0.005 -17.019"><span class='ocrx_word' id='word_1_227' title='bbox 162 3449 259 3609; x_wconf 77' lang='lat' dir='ltr'><strong>satia</strong></span> <span class='ocrx_word' id='word_1_228' title='bbox 277 3522 370 3615; x_wconf 87' lang='lat' dir='ltr'><strong>suit)</strong></span> <span class='ocrx_word' id='word_1_229' title='bbox 394 3523 559 3601; x_wconf 85' lang='lat' dir='ltr'><strong>ostendat</strong></span> <span class='ocrx_word' id='word_1_230' title='bbox 576 3526 680 3601; x_wconf 91' lang='lat' dir='ltr'><strong>nullis</strong></span> <span class='ocrx_word' id='word_1_231' title='bbox 702 3527 966 3615; x_wconf 88' lang='lat' dir='ltr'><strong>quantumlibet</strong></span> <span class='ocrx_word' id='word_1_232' title='bbox 984 3526 1235 3603; x_wconf 84' lang='lat' dir='ltr'><strong>admirabiliter</strong></span> 
     </span>
     <span class='ocr_line' id='line_1_33' title="bbox 167 3621 1238 3719; baseline 0.001 -16"><span class='ocrx_word' id='word_1_233' title='bbox 167 3628 213 3703; x_wconf 89' lang='lat' dir='ltr'><strong>ab</strong></span> <span class='ocrx_word' id='word_1_234' title='bbox 239 3623 317 3719; x_wconf 86' lang='lat' dir='ltr'><strong>ipso</strong></span> <span class='ocrx_word' id='word_1_235' title='bbox 338 3621 461 3716; x_wconf 77' lang='lat' dir='ltr'><strong>fastis,</strong></span> <span class='ocrx_word' id='word_1_236' title='bbox 488 3639 595 3717; x_wconf 88' lang='lat' dir='ltr'><strong>atque</strong></span> <span class='ocrx_word' id='word_1_237' title='bbox 612 3645 677 3718; x_wconf 89' lang='lat' dir='ltr'><strong>per</strong></span> <span class='ocrx_word' id='word_1_238' title='bbox 692 3625 916 3701; x_wconf 88' lang='lat' dir='ltr'><strong>divinitatem</strong></span> <span class='ocrx_word' id='word_1_239' title='bbox 933 3625 1170 3702; x_wconf 87' lang='lat' dir='ltr'><strong>invitantibus</strong></span> <span class='ocrx_word' id='word_1_240' title='bbox 1193 3630 1238 3705; x_wconf 92' lang='lat' dir='ltr'><strong>ad</strong></span> 
     </span>
     <span class='ocr_line' id='line_1_34' title="bbox 166 3708 1239 3817; baseline 0.006 -19"><span class='ocrx_word' id='word_1_241' title='bbox 166 3708 278 3805; x_wconf 85' lang='lat' dir='ltr'><strong>fidem</strong></span> <span class='ocrx_word' id='word_1_242' title='bbox 300 3745 388 3814; x_wconf 89' lang='lat' dir='ltr'><strong>eos,</strong></span> <span class='ocrx_word' id='word_1_243' title='bbox 415 3726 475 3817; x_wconf 90' lang='lat' dir='ltr'><strong>qui</strong></span> <span class='ocrx_word' id='word_1_244' title='bbox 496 3725 689 3817; x_wconf 89' lang='lat' dir='ltr'><strong>viderunt,</strong></span> <span class='ocrx_word' id='word_1_245' title='bbox 717 3725 890 3802; x_wconf 89' lang='lat' dir='ltr'><strong>virtutem</strong></span> <span class='ocrx_word' id='word_1_246' title='bbox 908 3744 1004 3799; x_wconf 90' lang='lat' dir='ltr'><strong>nunc</strong></span> <span class='ocrx_word' id='word_1_247' title='bbox 1027 3726 1156 3803; x_wconf 88' lang='lat' dir='ltr'><strong>editam</strong></span> <span class='ocrx_word' id='word_1_248' title='bbox 1175 3734 1239 3804; x_wconf 92' lang='lat' dir='ltr'><strong>mi·</strong></span> 
     </span>
     <span class='ocr_line' id='line_1_35' title="bbox 167 3808 1238 3931; baseline -0.003 -26"><span class='ocrx_word' id='word_1_249' title='bbox 167 3845 297 3905; x_wconf 84' lang='lat' dir='ltr'><strong>norem</strong></span> <span class='ocrx_word' id='word_1_250' title='bbox 317 3820 438 3900; x_wconf 79' lang='lat' dir='ltr'><strong>fuisse·</strong></span> <span class='ocrx_word' id='word_1_251' title='bbox 466 3845 568 3918; x_wconf 89' lang='lat' dir='ltr'><strong>quarn</strong></span> <span class='ocrx_word' id='word_1_252' title='bbox 588 3826 694 3903; x_wconf 90' lang='lat' dir='ltr'><strong>etiam</strong></span> <span class='ocrx_word' id='word_1_253' title='bbox 703 3808 881 3931; x_wconf 78' lang='lat' dir='ltr'><strong>majorem</strong></span> <span class='ocrx_word' id='word_1_254' title='bbox 902 3829 1142 3923; x_wconf 86' lang='lat' dir='ltr'><strong>pronunciare</strong></span> <span class='ocrx_word' id='word_1_255' title='bbox 1157 3826 1238 3922; x_wconf 91' lang='lat' dir='ltr'><strong>pos·</strong></span> 
     </span>
     <span class='ocr_line' id='line_1_36' title="bbox 169 3922 1331 4041; baseline 0.003 -46"><span class='ocrx_word' id='word_1_256' title='bbox 169 3924 306 4029; x_wconf 83' lang='lat' dir='ltr'><strong>sumus,</strong></span> <span class='ocrx_word' id='word_1_257' title='bbox 333 3944 436 4015; x_wconf 90' lang='lat' dir='ltr'><strong>quam</strong></span> <span class='ocrx_word' id='word_1_258' title='bbox 458 3925 593 4041; x_wconf 87' lang='lat' dir='ltr'><strong>quod</strong></span> <span class='ocrx_word' id='word_1_259' title='bbox 584 3944 621 3999; x_wconf 88' lang='grc' dir='ltr'><strong>ιιι</strong></span> <span class='ocrx_word' id='word_1_260' title='bbox 650 3922 748 3998; x_wconf 85' lang='lat' dir='ltr'><strong>Ca&#39;na</strong></span> <span class='ocrx_word' id='word_1_261' title='bbox 775 3922 929 3998; x_wconf 85' lang='lat' dir='ltr'><strong>Galilaeae</strong></span> <span class='ocrx_word' id='word_1_262' title='bbox 955 3923 996 3999; x_wconf 88' lang='lat' dir='ltr'><strong>Iit</strong></span> <span class='ocrx_word' id='word_1_263' title='bbox 1021 3945 1111 4017; x_wconf 88' lang='lat' dir='ltr'><strong>aqua</strong></span> <span class='ocrx_word' id='word_1_264' title='bbox 1128 3929 1164 4000; x_wconf 93' lang='lat' dir='ltr'><strong>in</strong></span> <span class='ocrx_word' id='word_1_265' title='bbox 1185 3928 1239 3998; x_wconf 88' lang='lat' dir='ltr'><strong>vi·</strong></span> <span class='ocrx_word' id='word_1_266' title='bbox 1326 3998 1331 4007; x_wconf 86' lang='grc'><strong><em>,</em></strong></span> 
     </span>
     <span class='ocr_line' id='line_1_37' title="bbox 170 4022 1253 4126; baseline -0.011 -20"><span class='ocrx_word' id='word_1_267' title='bbox 170 4022 257 4107; x_wconf 76' lang='lat' dir='ltr'><strong>uuor</strong></span> <span class='ocrx_word' id='word_1_268' title='bbox 275 4038 434 4122; x_wconf 68' lang='lat' dir='ltr'><strong>Notata,</strong></span> <span class='ocrx_word' id='word_1_269' title='bbox 459 4026 625 4107; x_wconf 87' lang='lat' dir='ltr'><strong>nimirum</strong></span> <span class='ocrx_word' id='word_1_270' title='bbox 645 4028 743 4126; x_wconf 87' lang='lat' dir='ltr'><strong>quod</strong></span> <span class='ocrx_word' id='word_1_271' title='bbox 758 4024 855 4103; x_wconf 85' lang='lat' dir='ltr'><strong>illic</strong></span> <span class='ocrx_word' id='word_1_272' title='bbox 846 4025 1036 4106; x_wconf 76' lang='lat' dir='ltr'><strong>inanimem</strong></span> <span class='ocrx_word' id='word_1_273' title='bbox 1055 4027 1253 4103; x_wconf 72' lang='lat' dir='ltr'><strong>mateaiam</strong></span> 
     </span>
     <span class='ocr_line' id='line_1_38' title="bbox 984 4124 1288 4207; baseline -0.036 -6"><span class='ocrx_word' id='word_1_274' title='bbox 984 4124 1226 4207; x_wconf 65' lang='lat' dir='ltr'><strong>tntttuvet&#39;xt,</strong></span> <span class='ocrx_word' id='word_1_275' title='bbox 1277 4168 1288 4175; x_wconf 87' lang='lat'><strong>--</strong></span> 
     </span>
    </p>
   </div>
   <div class='ocr_carea' id='block_1_3' title="bbox 0 0 1440 4575">
    <p class='ocr_par' dir='ltr' id='par_1_3' title="bbox 0 0 1440 4575">
     <span class='ocr_line' id='line_1_39' title="bbox 0 0 1440 4575; baseline 0 0"><span class='ocrx_word' id='word_1_276' title='bbox 0 0 1440 4575; x_wconf 95' lang='lat' dir='ltr'><strong> </strong></span> 
     </span>
    </p>
   </div>
  </div>
 </body>
</html>
