2817 4575
342 315 411 395 IN
445 309 745 418 JOANNEM
780 311 991 394 T-OMUS
1029 320 1080 401 ll.
1115 311 1120 320 ’
1167 325 1235 425 163

149 473 250 560 'Aut
268 479 344 557 lroc
365 483 472 555 etiam
490 479 561 554 dici
584 476 704 574 potest
727 497 856 554 creetae
882 496 1036 576 nature,
1062 499 1104 559 ut
1126 505 1146 560 a
1169 487 1237 563 ser·

164 588 291 657 vitute
314 583 480 654 interitus
509 579 828 695 corruptionisque
855 582 1090 679 liberaretur,
1124 603 1234 681 atque

165 685 277 758 etiam
296 683 481 755 hominum
502 684 625 775 generi
644 682 749 768 beata
765 701 806 753 ac
824 681 944 756 divina
962 686 1110 769 virtute,
1126 703 1167 778 ut
1181 690 1233 764 ita

165 769 304 860 dicam,
328 782 509 854 incarnata
530 799 623 873 opus
643 779 763 862 soille,
789 800 865 871 quae
882 802 923 854 ea
941 788 1069 879 etiam,
1098 798 1175 878 que
1193 791 1234 864 in

165 899 262 958 terra
275 879 354 953 sunt
369 879 586 973 corrigeret:
607 879 640 951 u
658 880 927 970 quodammodo
943 867 1061 956 hanc
1053 885 1294 970 aiiionem

165 984 210 1056 ed
228 978 382 1054 faunum
404 977 572 1072 Spiritum
592 983 800 1071 pertinere,
829 1000 931 1096 quam
951 1003 1032 1056 tum
1047 985 1139 1058 ferre
1152 1003 1231 1063 non

163 1077 307 1176 pollet,
334 1079 567 1151 Servatorem
585 1077 694 1151 offert
713 1079 745 1149 di
763 1083 961 1173 proponit,
989 1101 1028 1153 ut
1051 1089 1109 1175 qui
1132 1086 1228 1162 solur

163 1181 240 1256 hoc
264 1195 446 1252 certamen
465 1176 583 1291 pollet
606 1178 788 1251 sustinere:
818 1180 921 1252 Pater
943 1187 1048 1254 etiam
1071 1202 1123 1256 ut
1121 1189 1230 1300 prin·

164 1287 272 1374 cepe
279 1276 406 1352 Filium
432 1279 599 1358 mittens,
624 1298 696 1350 una
722 1278 891 1370 Spiritum
922 1302 1067 1372 quoque
1096 1288 1230 1379 mittit,

163 1401 271 1476 quem
295 1395 372 1451 cert
376 1399 398 1450 o
419 1393 584 1470 tempore
605 1377 850 1452 descensurum
876 1381 918 1451 ad
943 1381 1010 1452 Dei
1033 1379 1167 1478 silium,
1192 1339 1230 1460 d

163 1437 1229 1576 unehominnmsalutemoperaturumeliodorumquepro·

162 1577 318 1656 miserat.
370 1574 412 1650 Id
429 1579 526 1668 quod
541 1578 713 1671 perfecit
740 1594 837 1670 tum,
858 1600 938 1654 cum
958 1602 1137 1672 corporea
1153 1582 1228 1677 spe·

142 1682 220 1752 'cie
239 1679 416 1752 columbae
440 1679 483 1748 ad
504 1699 586 1750 eum
607 1676 687 1768 post
703 1684 884 1751 lavacrum
910 1683 1070 1771 volavit,
1099 1683 1228 1759 &inst-

162 1777 257 1854 stenr
281 1799 357 1850 non
380 1778 577 1887 preteriit3
603 1778 700 1867 quod
725 1779 813 1849 fecit
835 1779 981 1852 sortalle
1001 1784 1094 1871 apud
1114 1785 1228 1858 lromi·

162 1899 248 1971 nes,
277 1882 336 1970 qui
359 1877 435 1972 ejus
455 1876 672 1968 majestatem
694 1875 819 1949 affidue
839 1874 933 1950 serre
949 1900 1023 1950 non
1043 1898 1226 1972 poterant.

163 1977 291 2070 ltaque
308 1973 503 2068 significans
520 1977 700 2069 joannes,
720 1978 751 2047 bi
768 1978 918 2066 loquens
942 1979 987 2050 de
1012 1984 1226 2073 cognitione

163 2081 323 2170 quisnam
341 2073 497 2148 Christus
513 2073 619 2167 eliet,
648 2096 723 2147 non
742 2073 854 2149 solum
873 2075 1023 2166 Spiritus
1044 2081 1086 2149 ad
1106 2079 1226 2172 Jesum

163 2175 364 2250 descensum
383 2190 521 2266 narrar,
544 2173 601 2248 sed
619 2192 748 2266 prreter
763 2174 965 2249 descensum
986 2179 1078 2249 illiue
1095 2184 1129 2250 in
1146 2178 1224 2272 ipso
1297 2177 1299 2182 ’

161 2275 392 2355 mansionem.
444 2274 623 2367 Scriptum
639 2273 690 2349 est
704 2279 798 2349 enim
816 2275 1020 2351 hocdixilse
1035 2278 1224 2370 Joannem.
1294 2273 1302 2295 '

164 2383 236 2473 Qut
253 2379 336 2470 mtfit
353 2401 400 2445 me
417 2377 601 2469 baptizare,
626 2382 732 2451 dixit:
760 2382 860 2472 Super
877 2404 966 2474 quern
984 2384 1104 2453 uidem
1120 2379 1226 2477 Spin

138 2476 230 2551 'rum
248 2479 474 2565 descendentem
494 2479 531 2550 θ
548 2496 724 2547 manentem
740 2477 830 2573 [uper
846 2504 932 2564 eum,
960 2480 1064 2573 ln'cefi
1080 2507 1134 2577 qur
1130 2483 1225 2578 bap·
1298 2518 1301 2529 =

163 2585 251 2651 tiur
266 2585 304 2648 in
322 2581 451 2672 Spiritu
466 2576 531 2651 dl
519 2601 598 2669 igne.
633 2574 721 2649 Non
741 2580 834 2651 enim
852 2580 1000 2654 dicitur:
1018 2584 1118 2673 Super
1133 2607 1223 2677 quem

163 2684 283 2751 videris
295 2682 455 2774 Spiritum
466 2678 690 2755 descendentem
703 2674 829 2767 solum,
848 2679 944 2768 quod
957 2678 1103 2752 fortatie
1116 2684 1223 2759 etiam

164 2780 203 2853 td
225 2780 317 2853 alioa
335 2779 406 2870 ipse
424 2775 676 2867 descenderet,
704 2766 761 2848 sed
786 2780 1014 2866 descendentem
1035 2780 1072 2853 (7
1092 2804 1225 2853 morren-

117 2950 119 2963 ,
164 2894 222 2951 nm
240 2880 462 2974 [uperipsum
514 2875 601 2948 Haec
624 2890 741 2950 autem
770 2881 919 2950 multum
947 2898 989 2949 ac
1012 2877 1070 2948 diu
1092 2882 1225 2956 exami-

163 2994 244 3053 nrta
260 2978 341 3051 sunt
355 2981 461 3050 nobis
478 2978 615 3071 planius
632 2975 664 3047 u
681 2981 835 3067 apertius
854 2979 979 3049 videre
995 2977 1223 3075 volentibus,

164 3078 372 3171 quomodo,
407 3074 431 3150 fi
461 3078 579 3148 omnia
604 3096 668 3168 per
690 3073 800 3166 ipsum
826 3074 915 3149 tatia
940 3077 1043 3166 sunt,
1071 3035 1223 3171 Spiritud

162 3182 268 3251 etiam
285 3198 351 3271 per
368 3177 529 3249 Verbum
550 3176 662 3247 fanus
682 3173 753 3254 est,
779 3179 837 3267 qui
857 3197 923 3248 rma
944 3196 990 3249 ex
1004 3179 1110 3249 rebus
1129 3180 1222 3254 infe-

163 3280 317 3350 rioribus
336 3297 382 3349 eo
400 3297 462 3369 per
478 3276 576 3366 quod
594 3274 691 3347 fatte
709 3271 808 3356 sunt,
826 3277 1062 3373 intelligatur,
1091 3279 1225 3356 etiamsi

123 3412 131 3425 ·
162 3378 274 3451 rerba
293 3378 449 3467 quedam
467 3397 535 3447 nos
557 3376 593 3447 in
613 3377 828 3448 contrariam
846 3380 981 3467 partem
1002 3380 1145 3448 trabere
1168 3380 1222 3452 vi·

163 3475 323 3550 deantur.
375 3476 486 3573 Quod
504 3475 525 3546 sr
546 3475 622 3566 quis
642 3476 875 3549 Hebraeorum
896 3474 1121 3570 Evangelium
1137 3497 1223 3571 pro·

162 3572 311 3668 ierat,'
301 3596 338 3648 m
363 3595 435 3665 quo
460 3573 636 3647 Servatur
659 3572 733 3666 lpse
760 3575 835 3649 haec
856 3574 960 3649 dicit:
988 3579 1086 3646 Mon
1105 3584 1223 3676 accepit

164 3698 207 3747 ne
231 3692 336 3747 mater
356 3700 420 3744 mea
436 3674 566 3763 sibidius
591 3679 756 3767 Spiritus,
785 3702 848 3745 uno
873 3679 1052 3769 cupidorum
1072 3699 1221 3769 meorum,

134 3856 142 3871 ἢ
164 3776 292 3853 (ime
279 3800 316 3845 m
334 3793 468 3845 montem
484 3800 627 3870 magnum
648 3772 741 3846 Thai
743 3802 777 3843 or
793 3780 960 3869 portavit3
987 3778 1015 3845 is
1030 3775 1222 3875 dubitabit,

167 3878 221 3967 qui
235 3876 387 3967 Spiritus
407 3872 563 3959 santius
592 3880 649 3966 qui
665 3894 729 3966 per
749 3874 912 3949 Verbum
934 3872 1044 3948 tanus
1058 3875 1130 3969 est,
1150 3898 1223 3953 ma·

159 3984 217 4113 ter
237 3973 368 4051 Christi
389 3974 458 4051 elle
478 3974 594 4073 polin.
646 3974 717 4047 Sed
743 3976 818 4049 hec
843 3986 950 4069 etque
970 3974 1050 4051 hoc
1070 3996 1147 4069 non
1171 3970 1227 4050 est

645 4068 729 4151 Le
860 4148 862 4153 ,
1042 4072 1197 4150 dilircbo
