2817 4575
309 335 379 422 ru
414 331 718 441 Jouuueu
754 337 965 423 nouus
1002 345 1031 428 r.
1158 369 1203 450 ,2
1310 315 1319 356 ²

135 503 186 588 fic
209 507 319 583 etiarn
342 504 424 600 post
443 505 661 602 divulgatam
684 505 790 600 ipsius
812 506 1032 608 praelbntiam
1060 510 1202 609 adeor,
1250 563 1252 568 -

136 613 200 704 qui
215 609 412 682 etiamnum
428 606 508 679 sunt
527 608 689 699 parvuli,
716 609 796 698 qula
813 609 879 682 sint
894 609 955 681 sub
975 615 1201 688 curatoribus

133 712 171 783 u
183 704 545 798 administratoribus,
563 726 604 779 ac
623 709 786 781 nondum
801 711 1033 799 pervenerint
1053 710 1093 781 ad
1113 711 1201 786 teni·

134 812 236 904 poris
265 806 557 901 plenitudinem,
584 803 766 878 sermonen
798 809 937 896 quidam
962 809 1199 898 precursorec

133 904 267 981 christi
293 907 541 995 advenerunt,
568 908 691 978 animis
709 909 903 998 puerilibus
918 911 1199 1008 accommodati,

133 1007 195 1100 qui
218 1008 300 1098 jure
327 1008 509 1102 pedagogi
534 1021 736 1079 vocentun·
781 1003 832 1077 At
856 1027 947 1079 vero
973 1007 1046 1098 ipse
1072 1001 1196 1104 Filius,

130 1105 208 1200 ipse
227 1100 449 1201 glorificatus
470 1105 567 1176 Deus
591 1105 751 1178 Verbum
770 1109 931 1181 nondum
951 1108 1117 1197 advenit3
1144 1113 1198 1183 ni·

129 1207 262 1280 mirum
279 1201 505 1296 exspatiant,
532 1218 574 1275 ut
591 1204 666 1276 Dei
678 1205 843 1294 homines
860 1206 1082 1280 divinitatem
1101 1210 1194 1283 illiue

130 1306 339 1404 percepturi
353 1305 541 1378 decentem
558 1318 764 1395 apparatum
782 1305 925 1379 faciant.
972 1307 1047 1398 er
1067 1308 1101 1380 dt
1120 1309 1195 1381 boe
1322 1389 1324 1394 ,

132 1423 281 1496 qunque
300 1401 448 1476 sciamus
463 1402 603 1477 necelie
619 1403 689 1476 est.
717 1418 757 1476 ut
775 1407 833 1477 lex
849 1408 1007 1479 umbram
1027 1409 1193 1482 continet

129 1505 336 1579 futurorum
362 1506 567 1596 bonorum,
595 1524 672 1596 quae
702 1505 929 1577 declarantur
956 1509 998 1576 ab
1026 1528 1067 1579 ea
1091 1510 1192 1602 lege,

129 1604 452 1696 quaeannuntiatur
463 1602 654 1675 secundum
669 1607 878 1693 veritatem3
897 1606 943 1679 irc
954 1606 1058 1678 etiam
1074 1605 1193 1679 Evan-

130 1705 282 1800 geiium,
309 1704 406 1794 quod
433 1702 494 1775 vel
517 1724 537 1774 a
560 1704 833 1794 quibuscunque
858 1708 1062 1801 vulgaribus
1087 1706 1193 1780 intel·

85 1821 91 1902 j
128 1805 189 1899 ligi
205 1800 442 1891 existimatur,
468 1803 628 1876 umbram
649 1804 760 1875 docet
783 1803 1031 1896 mysteriorum
1050 1804 1190 1883 Christi.

87 1937 90 1944 ·
129 1903 252 1995 Atque
271 1900 437 1992 equidem
466 1902 564 1992 quod
588 1902 748 1995 Joannes
776 1907 930 1995 appellat
953 1903 1190 1998 Evangelium

130 2001 406 2095 sempiternum,
442 2003 539 2091 quod
564 2005 711 2094 proprie
743 2004 810 2072 dici
839 2002 956 2090 poliet
989 2002 1189 2095 spirituale,

126 2117 252 2195 aperte
273 2103 361 2174 viria
381 2102 536 2172 cordatis
555 2099 588 2171 u
608 2102 956 2196 intelligentibus‘ob
976 2103 1104 2175 oculos
1123 2122 1191 2196 po·

129 2205 182 2275 nit
205 2202 329 2276 omnia
345 2202 393 2272 de
408 2199 484 2295 ipso
499 2198 592 2273 Filio
616 2200 708 2283 Dei,
735 2219 811 2272 tum
832 2199 996 2296 mysteria
1019 2205 1070 2273 ab·
1084 2203 1188 2296 ipsius

127 2301 349 2377 sermonibus
363 2300 541 2385 exhibite,
568 2314 643 2375 tum
654 2321 714 2374 res
729 2320 874 2393 quarum
892 2306 1068 2398 enigmata
1083 2304 1197 2396 ipsius,

128 2398 287 2476 adiuuet
307 2413 418 2473 erant.
468 2400 533 2473 His
548 2399 771 2492 consequens
787 2399 837 2473 est
855 2422 1060 2492 exponere,
1089 2419 1128 2473 ut
1151 2405 1188 2477 in

127 2498 314 2577 manifesto
332 2500 482 2593 Judaeue.
497 2501 574 2591 quis
593 2499 663 2588 est,
691 2501 724 2571 di
746 2501 992 2591 circumcisus,
1018 2500 1065 2573 irc
1087 2499 1189 2575 Chri·

128 2600 277 2675 ilianum
296 2596 365 2672 elie
382 2598 416 2671 dr
433 2601 616 2694 baptisma.
643 2599 743 2769 (auin
763 2600 869 2672 etiam
887 2599 1013 2673 Paulus
1033 2600 1189 2691 quidem,

130 2700 340 2790 Mettus,
366 2699 431 2789 qvi
454 2699 491 2771 in
508 2697 651 2789 ,manile
684 2720 708 2769 o
735 2698 846 2792 Judaei
872 2715 974 2772 antea
1004 2716 1127 2792 erant,
1154 2700 1189 2773 dt

129 2796 338 2887 urcumcisr,
355 2796 477 2889 postea
495 2812 632 2870 tanturn
648 2800 683 2870 in
703 2799 874 2886 occulto;
902 2802 990 2872 tales
1004 2814 1044 2869 ut
1062 2797 1188 2892 elient,

129 2897 249 2995 tJesu
263 2910 501 2988 acceperunt:
528 2917 609 2971 cum
626 2917 701 2969 non
718 2899 784 2969 aila
802 2900 847 2969 de
863 2896 963 2970 causa
979 2900 1084 2971 etiam
1104 2899 1138 2969 se
1151 2900 1189 2973 ln

128 2996 317 3073 manifesto
336 2997 480 3092 Judaeos
501 2996 592 3086 elie,
618 3016 722 3088 quam
749 3011 900 3089 propter
924 2999 1118 3071 multorum
1139 2996 1190 3070 sa·

130 3098 264 3183 lutem,
289 3095 532 3170 &secundum
551 3098 811 3180 (economum,
838 3117 914 3170 non
932 3096 1044 3171 solum
1066 3099 1190 3171 verbis

128 3196 351 3287 faterentur,
376 3199 607 3269 verumetiam
627 3195 727 3268 fallis
750 3196 981 3269 declararent.
1033 3196 1075 3270 Id
1092 3197 1192 3288 quod

131 3300 236 3373 etiam
263 3297 310 3369 de
333 3314 459 3370 eorum
488 3294 760 3372 christianismo
788 3295 1000 3369 censendum
1029 3295 1089 3369 est.
1141 3292 1191 3367 Et

131 3394 429 3489 quemadmodum
446 3378 572 3482 ludaeis
597 3394 789 3468 secundum
811 3414 954 3469 carnem
982 3396 1191 3486 adjumento

86 3534 90 3605 ς
130 3494 199 3573 elie
226 3516 306 3569 non
330 3491 448 3588 potest
468 3494 618 3585 Paulus,
646 3494 708 3567 nili
733 3493 877 3585 quando
898 3492 1054 3587 postulat
1080 3496 1190 3589 ratio,

86 3665 88 3681 ,
132 3594 366 3669 circumcidat
388 3590 645 3685 Timotheum,
680 3593 882 3685 &quando
909 3591 1191 3669 consentaneum

132 3694 181 3769 est
200 3694 417 3783 tondeatur,
431 3696 662 3767 oblationem
676 3690 828 3783 offerat,
856 3693 911 3783 δι,
938 3706 979 3764 ut
995 3696 1032 3765 in
1047 3697 1192 3766 univer·

86 3784 91 3879 ζ
132 3794 205 3873 firm
225 3794 364 3884 dicam,
387 3792 680 3887 Judaeis·Judaeus
697 3791 891 3871 efficiatur,
916 3806 958 3863 ut
979 3791 1193 3885 judeos-lu·

86 3894 91 3920 '
133 3893 309 3967 olfaciat:
335 3894 386 3964 ita
405 3890 482 3964 fieri
503 3895 649 3983 nequit,
676 3905 718 3965 ut
738 3894 793 3982 is,
821 3891 880 3983 qui
903 3892 1097 3965 multorum
1124 3894 1194 3963 uti·

132 3990 221 4065 litati
253 3990 437 4085 exposrtue
458 3989 535 4076 eil,¹
563 3991 697 4067 evehat
727 3991 770 4065 ed
797 3987 1077 4083 prestantium,
1101 3990 1139 4062 bt
1158 3992 1209 4063 'ut

181 4094 327 4187 origenis
345 4087 429 4165 Tam.
446 4092 552 4167 Xlld
769 4090 803 4171 C
1011 4090 1178 4171 iublrme
