2817 4575
241 399 245 409 .
306 337 380 442 an,
409 327 705 434 Jonnnunt
740 329 941 412 uorsus
977 329 1028 419 1,-
1118 343 1187 415 aar

125 495 338 597 eeplorbone:
367 501 516 586 Carme,
540 487 985 593 inquinamentum?
1020 497 1190 573 Maelo·

122 627 186 676 nus
211 602 274 698 nist
297 625 400 686 unas,
433 620 563 692 nempe
587 599 649 692 ille
673 599 781 686 Deus,
813 598 874 672 ille
901 603 1007 674 Pater.
1067 599 1189 676 Simila
1293 627 1296 634 ·

126 721 221 776 vero
236 693 345 778 atisin
362 703 400 774 in
419 701 494 774 aliis
510 696 751 786 ostendimus,
776 713 854 771 tum
872 720 964 773 vero
981 703 1134 780 maxime
1149 700 1189 776 iu

125 802 224 890 hoc,
251 800 492 893 quoddicunt
508 801 679 890 majorem
697 796 767 871 elle
784 798 940 890 aliquem
958 802 1081 874 mundi
1097 798 1188 894 Opi·

127 895 309 996 fice,'per
334 901 457 975 mundi
477 895 660 992 Opificem
686 899 965 992 interpretantes
990 899 1188 982 Christum,

127 1021 190 1096 per
210 1001 399 1074 boc'vero
421 993 594 1091 majorem
617 997 770 1072 Patrem.
821 999 894 1072 Hic
915 1002 1023 1097 igitur
1045 1003 1105 1093 qui
1127 1014 1189 1074 tot

128 1101 336 1178 nominibus
352 1110 593 1192 nuncupatur,
611 1097 833 1188 advocatus,
851 1101 1085 1194 propitiatio,
1103 1121 1189 1195 pro·

129 1200 371 1295 pitiatorium,
399 1195 596 1292 compassus
615 1193 881 1272 infirmitatibus
897 1199 1049 1292 nostris,
1074 1212 1190 1274 tenta·

130 1315 183 1376 tus
199 1300 240 1374 in
258 1302 424 1373 omnibus
440 1298 601 1373 humanis
613 1298 715 1390 juxta
732 1297 994 1377 similitudinem
1015 1302 1089 1376 sane
1104 1323 1190 1396 pec·

132 1415 235 1494 cato,
262 1419 409 1495 magnus
427 1393 477 1472 est
499 1396 690 1492 Pontifex,
716 1418 794 1471 non
813 1402 925 1474 modo
948 1423 1017 1498 pro
1036 1405 1190 1512 hqnini.

132 1502 214 1590 bus,
239 1495 425 1573 sedetiam
449 1517 517 1590 pro
542 1500 665 1589 omni,
689 1498 788 1588 q'uod
811 1503 959 1576 rationis
981 1503 1033 1580 est
1059 1526 1188 1603 capax,

133 1598 280 1674 hostiam
301 1595 407 1674 semel
435 1601 591 1672 oblatam
617 1596 764 1691 seipsum
792 1596 978 1693 offerensa
1013 1611 1094 1678 Sina
1120 1615 1190 1681 Deo
1240 1599 1243 1612 '

134 1701 244 1784 enim,
269 1700 330 1771 vel
348 1703 558 1795 pergratiam
582 1702 646 1770 Dei
671 1692 749 1793 (ut
772 1699 809 1772 in
833 1704 1042 1793 quibusdam
1068 1699 1190 1785 easm-
1277 1721 1281 1734 '

134 1800 286 1892 pleribus
307 1795 467 1892 epistolar
492 1797 536 1869 ad
554 1795 729 1870 Hebraeos
752 1801 931 1898 ponitur)
944 1825 1006 1901 ¹pro
1026 1815 1112 1883 omni
1129 1835 1191 1906 gu.
1284 1831 1290 1860 ·

131 1899 229 1998 uuit
253 1915 405 1974 marem.-
429 1893 490 1972 sed
505 1894 585 1970 live
610 1894 682 1970 fine
703 1894 790 1973 Deo
817 1919 885 1992 pro
913 1906 1012 1979 omni
1035 1907 1191 2003 gustavit

85 2041 89 2098 ;
134 2011 309 2092 nomem,
327 2018 405 2072 non
420 1995 534 2072 solum
549 2014 619 2089 pro
635 1994 843 2071 hominibus
859 2018 1024 2077 mortuus
1042 2007 1106 2101 ast,
1125 2033 1191 2085 ve·

85 2145 88 2186 ;
134 2119 205 2176 rum
229 2098 338 2172 etiam
365 2118 434 2190 pro
458 2098 595 2170 caeteus
616 2097 767 2170 rationis
792 2102 1003 2193 capacibus:
1027 2105 1103 2180 srva
1122 2129 1191 2205 pet

85 2243 87 2272 .
133 2202 277 2297 gratiam
305 2197 374 2272 Dei
399 2217 467 2293 pro
488 2200 590 2294 ‘omni
606 2194 763 2295 gustavit
780 2215 957 2298 mortem,
985 2225 1054 2300 pro
1077 2212 1191 2285 omni·
1298 2213 1301 2222 '

132 2290 192 2377 lis
216 2296 293 2375 sine
316 2296 400 2371 Deo
421 2311 585 2372 mortuus
602 2297 673 2371 est:
699 2304 929 2396 pergratiam
946 2324 1100 2399 namque
1118 2311 1192 2389 Dal

131 2419 193 2494 pro
209 2398 312 2473 omni
327 2396 483 2493 gustavit
498 2413 674 2473 mortem:
701 2402 834 2475 etenim
853 2400 1037 2495 absurdum
1053 2407 1103 2483 est
1118 2432 1190 2507 pro

131 2499 287 2597 peccatis
302 2499 441 2590 quidem
458 2498 620 2572 humanis
634 2498 753 2572 dicere
770 2521 850 2575 eum
860 2520 1014 2580 mortem
1027 2509 1190 2608 gustasse,

131 2620 204 2700 oon
220 2600 271 2672 ita
285 2617 376 2671 vero
397 2619 465 2693 pro
487 2598 762 2690 quibuscunque
780 2602 886 2675 etiam
904 2605 999 2697 allis,
1026 2609 1084 2699 qul
1102 2632 1190 2703 prar-

130 2697 380 2775 terbominem
393 2700 429 2771 in
442 2697 600 2792 peccatis
614 2695 738 2790 essent,
753 2701 855 2773 verbi
872 2704 981 2798 gratia
997 2726 1066 2801 pro
1077 2709 1190 2807 astris,

129 2800 291 2875 nimirum
312 2817 430 2889 oeque
453 2797 551 2871 astris
572 2800 724 2870 omnino
746 2817 868 2875 coram
890 2802 976 2876 Deo
996 2806 1092 2902 puris
1117 2811 1192 2883 exi·

129 2898 326 2989 bentibus,
351 2897 467 2970 veluti
488 2898 635 2993 legimus
655 2897 749 2990 apud
768 2896 858 2991 Job:
885 2904 979 2999 Aftra
998 2921 1102 2979 aurem
1125 2934 1191 2984 non

125 3003 205 3093 [ane
227 3000 345 3071 mundo
366 3002 403 3068 in
421 2996 577 3093 conspatiu
599 3001 687 3095 ejus,
714 2999 775 3070 nist
794 2998 893 3075 forte
915 3004 989 3078 hoc
1009 3008 1192 3101 hyperbo-

86 3076 91 3179 ἶ
129 3102 197 3176 lice
224 3096 356 3175 ditium
378 3094 441 3176 est.
493 3094 554 3173 Ob
576 3118 652 3170 eam
671 3094 810 3173 causam
831 3122 978 3198 magnus
996 3104 1047 3179 est
1068 3110 1192 3187 Ponti.

128 3199 210 3293 sen,
264 3198 407 3271 uoniam
434 3216 547 3293 regno
571 3195 684 3270 Patris
710 3198 830 3271 omnia
853 3202 1027 3301 restituit,
1054 3208 1193 3291 faciens

130 3320 170 3375 ea
182 3219 342 3393 septies,
367 3316 444 3389 quae
459 3299 495 3371 in
512 3314 739 3389 unoquoque
756 3300 961 3379 mortalium
976 3305 1124 3390 desunt,
1148 3329 1191 3387 ut

86 3394 90 3479 l
130 3402 274 3499 capiant
290 3411 474 3490 paternam
496 3396 659 3492 gloriam.
712 3396 804 3471 Sane
826 3400 886 3473 hic
902 3426 1049 3501 magnus
1068 3408 1191 3483 Ponti·

86 3498 89 3525 ¹
127 3499 187 3577 sax
204 3501 310 3593 juxta
333 3497 435 3570 aliam
458 3494 782 3572 considerationem
805 3499 914 3593 Judas
936 3523 1113 3602 vocatur,
1147 3525 1191 3585 ut

86 3624 88 3631 ·
128 3603 249 3693 quiin
279 3599 430 3671 occulto
456 3595 536 3670 sunt
556 3595 691 3691 Judaei,
724 3617 801 3672 oon
821 3621 842 3672 a
863 3602 954 3696 Juda
976 3607 1088 3692 Jacob
1113 3607 1191 3687 lilio

86 3698 93 3751 '-
126 3702 384 3788 nominentur,
410 3693 468 3769 sed
492 3697 653 3784 abhoc,
689 3695 881 3773 existentes
909 3702 1015 3796 ipsius·
1042 3706 1196 3807 fratres,

126 3796 367 3875 &laudantes
385 3816 485 3889 eum,
513 3795 747 3890 adipiscentes
767 3798 990 3899 libertatem,
1016 3826 1084 3899 qua
1104 3813 1193 3885 libe-

124 3912 250 3976 rantur
267 3896 311 3970 ab
328 3891 427 3988 ipso,
452 3895 640 3970 &liberati
656 3896 700 3969 ab
715 3896 875 3972 hostibus
892 3898 981 3997 suis,
1008 3904 1084 3997 ipso
1105 3906 1192 3982 scili.

125 4002 327 4101 colmanus
341 3994 420 4070 suas
433 3992 470 4073 in
490 3996 636 4072 illorum
651 3990 794 4075 dorsum
812 3998 1033 4098 imponente
1049 4007 1208 4099 blond·

1043 4109 1212 4182 orento.
