2817 4575
331 345 396 434 ru
432 337 731 453 Joanitru
766 340 976 428 rorans
1012 347 1087 428 vr.
1155 367 1228 454 atu

159 517 309 595 absurde
331 532 452 593 tamen
479 517 572 610 apud
598 531 680 592 eum
711 507 864 610 dicit'ur,
891 514 990 608 quod
1013 515 1125 590 verba
1151 516 1228 594 illaa

157 619 231 714 Qui
247 618 312 717 post
332 643 379 690 me
402 625 562 689 ventuius
584 617 644 715 epi,
670 615 855 689 declarant
875 615 1053 711 Joannem
1076 629 1231 712 precur-
1298 677 1300 684 .

158 721 276 795 sorem
300 715 428 794 Christi
452 716 619 791 existere:
650 735 741 790 vere
766 717 861 789 euim
888 734 964 788 non
994 713 1097 790 secur
1120 727 1228 810 atque
1283 725 1289 739 ⁴

158 818 283 894 servus
304 820 491 913 procurrit
508 819 719 891 Dominum.
770 813 900 912 Longe
921 819 1015 887 uero
1036 816 1228 912 simplicius

160 940 202 993 ea
218 922 330 992 verba
349 919 605 1010 interpretatur
621 912 690 990 eli:
719 918 795 988 Non
811 919 876 1000 lum
893 939 943 1008 ego
961 921 1091 1008 dignus,
1121 933 1158 989 ur
1165 919 1230 1006 sui·

158 1024 322 1116 uum'ejur
346 1022 512 1111 corrigiam
528 1014 925 1112 caueamanrr,·perinde
951 1017 1043 1108 quast
1074 1016 1234 1092 fateatur
1277 1087 1279 1092 .

158 1119 317 1213 Baptista
336 1118 392 1193 hia
410 1118 554 1210 uerbis,
570 1113 605 1191 se
624 1135 744 1210 neque
761 1116 915 1211 dignum,
936 1117 994 1206 qui
1012 1118 1136 1192 ultima
1152 1115 1230 1193 offi-

159 1223 215 1292 cia
244 1223 278 1291 in
304 1216 480 1292 Christum
510 1217 694 1292 conserat·
748 1209 920 1287 Attamen
947 1214 1028 1308 post
1049 1218 1142 1290 hanc
1166 1235 1230 1293 ex·¹

157 1318 376 1413 pontionem
391 1313 471 1389 satir
489 1317 727 1409 probabiliter
741 1312 934 1407 subjunxit:
961 1315 1000 1388 N
1002 1336 1052 1389 on
1069 1313 1142 1392 sum
1156 1335 1227 1416 ego
1247 1319 1258 1336 ''

158 1418 338 1505 idoneus,
363 1431 404 1492 ut
427 1418 497 1508 mei
525 1417 637 1514 gratia
662 1413 854 1489 descendat
877 1435 896 1486 a
921 1418 1166 1512 magnitudine
1194 1417 1230 1492 (a

160 1535 303 1591 carnem
328 1519 507 1609 accipiat,
537 1536 604 1588 ceu
630 1516 935 1601 calceamentum,
965 1522 1009 1588 de
1031 1536 1099 1608 qua
1119 1518 1250 1591 ratio··

157 1638 242 1692 nrm
268 1615 420 1690 reddere
446 1636 517 1712 ego
543 1635 619 1688 non
641 1617 776 1704 valeo,
802 1633 921 1702 neque
950 1635 1139 1706 enarrare,
1165 1618 1230 1694 vel

159 1715 304 1791 solvere
327 1716 372 1787 de
396 1714 467 1807 ipsa
490 1714 799 1805 dispensationem.
850 1712 985 1789 Rursus
1007 1721 1122 1792 minut
1145 1737 1229 1815 pru·

160 1817 304 1904 denter,
323 1830 430 1909 atque
448 1813 637 1887 animosius
658 1812 865 1887 Heracleon
886 1814 959 1906 ipse
981 1835 1059 1888 cum
1079 1838 1144 1911 per
1158 1819 1230 1892 cal·

161 1937 267 1990 ceum
283 1917 540 2010 interpretatur
560 1911 646 1987 esset
664 1912 858 2003 mundum,
883 1913 926 1985 ad
945 1934 1019 1988 rem
1031 1918 1148 2013 ¹m'agit
1160 1918 1230 1993 ‘im-

159 2016 260 2110 piam
286 2015 426 2108 transit,
452 2034 582 2111 nempe
609 2012 651 2086 ad
678 2011 967 2102 enunciandam,
1002 2013 1079 2088 hec
1107 2017 1230 2092 onmia

160 2111 313 2211 intelligi
331 2117 437 2187 etiarn
452 2129 628 2207 oportere
640 2113 690 2186 de
710 2111 832 2185 mundi
852 2111 1097 2207 fabricatore,
1124 2117 1231 2192 intel-¹

161 2216 310 2311 ligendo
332 2233 397 2308 per
416 2214 617 2310 joannem,
643 2209 831 2309 personam
851 2211 1077 2313 fabricatoris
1093 2216 1230 2292 mundi.

160 2313 349 2389 Existimat
375 2319 469 2387 enim
495 2314 618 2388 mundi
646 2310 817 2404 opificem
845 2311 1056 2389 inferiorem
1083 2315 1241 2393 Christo

163 2412 393 2497 existentem,
419 2413 493 2487 boc
510 2434 573 2507 per
591 2414 668 2485 haec
688 2413 800 2485 verba
815 2411 941 2505 lateri,
969 2414 1068 2507 quod
1085 2415 1136 2491 est
1148 2437 1230 2493 om·

161 2513 542 2708 llllllliiiu
560 2511 674 2684 dil
689 2511 1232 2711 dissedi¹i⁰iiiui¹¹>⁰i¹snii

162 2711 365 2806 Abrabam,
392 2711 487 2785 Isaac
510 2710 699 2803 &Jacob‚
727 2710 761 2783 δι
784 2710 920 2784 idcirco
946 2711 1126 2789 Dominus
1145 2719 1228 2792 coell

162 2813 198 2887 dt
221 2827 345 2901 terrm,
371 2811 477 2904 quod
492 2832 534 2884 ea
550 2809 701 2901 fecerit,
727 2809 787 2882 hic
810 2811 914 2884 etiarn
934 2810 1028 2884 solus
1053 2815 1241 2890 bonor-dt·

161 2915 279 3007 major
294 2910 347 2985 est
361 2909 473 2986 misso.
518 2909 630 3011 Quod
646 2907 672 2982 ll
687 2910 802 2982 minus
818 2911 1015 3002 prudenter
1033 2914 1055 3010 (
1064 2928 1230 3012 ut'antea

162 3012 344 3100 diximus)
369 3015 411 3085 ab
437 3010 671 3085 Heracleone
700 3010 946 3102 excogitatum
972 3011 1045 3093 esi,
1079 3034 1228 3092 omnem
1261 3042 1264 3046 ·

162 3114 272 3186 etiam
285 3112 455 3185 mundum
474 3112 754 3184 calceamentum
770 3106 840 3182 elle
854 3106 956 3203 Jesu,
973 3132 1051 3187 non
1070 3116 1228 3190 arbitror
1298 3196 1300 3201 ,

162 3218 362 3304 oportere,
387 3223 429 3283 ut
446 3212 496 3284 illi
516 3208 749 3283 assentiamur.
802 3209 1005 3307 Quomodo
1029 3216 1124 3290 enim
1144 3234 1228 3293 cum
1291 3246 1293 3251 ·

162 3312 226 3388 teli
240 3311 474 3408 intelligentia
489 3308 689 3383 servabitur
704 3307 812 3382 illud:
839 3312 956 3382 (lulum
972 3316 1063 3383 mili·
1071 3317 1154 3403 sedus
1176 3317 1228 3414 ql,
1283 3406 1285 3411 .

163 3430 254 3486 terra
266 3427 372 3481 aurem
382 3411 557 3499 subsidium
568 3412 678 3502 pedum
692 3432 848 3501 meorum,
866 3412 963 3503 quod
982 3412 1229 3492 testimonium

164 3509 213 3585 lic
232 3507 336 3583 sumit
349 3507 469 3605 Jesue,
496 3509 644 3603 perinde
662 3507 756 3598 quali
772 3505 878 3584 Pater
894 3511 932 3585 id
951 3513 1112 3587 dixerit?
1145 3519 1239 3590 Non·
1290 3528 1292 3532 '

164 3613 486 3706 ruminaveritis,
511 3611 648 3700 inquit,
675 3630 733 3705 per
753 3610 880 3693 cuium,
914 3624 1062 3709 quoniam
1080 3615 1230 3717 sedes-rs}

164 3710 233 3784 Dei
240 3736 253 3794 ,·
278 3734 376 3806 neque
390 3730 446 3804 ptr
460 3725 598 3801 terrum,
638 3715 763 3780 uoniam
777 3711 952 3801 subsellium
963 3715 1072 3809 pedum
1088 3720 1156 3812 ejus
1174 3720 1229 3817 eli,

163 3802 323 3907 Proinde
339 3809 544 3899 quomodo,
569 3803 593 3881 sr
609 3734 839 3884 docuerimus
855 3823 976 3887 totum
989 3815 1161 3907 mundum
1175 3821 1230 3903 in,

164 3908 398 4006 telligendum
417 3901 488 3982 else
507 3909 786 3985 calceamentum
809 3910 915 4007 Jesu4
940 3914 1027 3988 illud
1047 3912 1228 4021 intellige-

163 4016 225 4085 tur'
235 4029 246 4085 t
273 4012 396 4084 Numae
409 4009 517 4082 culum
533 4008 572 4088 θ
585 4025 706 4087 lurtum
722 4033 771 4105 ego
790 4012 916 4111 impleo,
941 4016 1020 4088 dicii
1041 4014 1231 4090 mutuari

1033 4114 1222 4192 uerum.
