2817 4575
355 363 419 443 ru
453 349 753 502 Jonunuu
781 305 989 444 rouus
1017 313 1052 446 ἡτε
1162 371 1240 467 163

168 547 269 606 mum
288 527 447 611 hostem,
468 485 665 626 devicerit,
683 529 822 602 idcirco
840 527 998 620 Joannea
1015 529 1087 623 ait,
1114 529 1232 606 osten.

168 629 262 702 dens
272 628 415 745 ipsunt:
451 632 528 702 Ecce
542 655 643 724 aguas
667 633 750 713 Dei,
775 656 833 727 que
826 629 934 700 rosit
949 648 1073 725 peccora
1094 623 1231 702 mundio

166 749 262 802 non
269 728 409 821 inquit,
435 731 494 820 qui
521 732 628 807 tollet
648 730 858 822 aliquando,
885 750 1004 820 neque
1031 732 1141 823 item,
1167 731 1230 823 qui

167 828 313 901 abstulit
339 827 497 920 quidem
494 849 613 924 „ante
637 849 736 903 nunc
759 843 878 903 autem
904 850 981 906 non
1005 831 1121 904 tollit:
1148 851 1238 906 non·

167 926 278 1001 cessat
297 932 391 1002 enim
410 932 454 1002 ab
474 948 671 1027 unquoque
686 929 724 1004 in
741 929 877 1004 mundo
903 929 1079 1004 existente
1099 929 1237 1027 pecca-j¹

167 1044 245 1102 turn
268 1028 421 1116 toliere,
447 1032 567 1120 quoad
591 1052 612 1102 e
636 1042 723 1104 toto
752 1029 889 1103 mundo
917 1029 1091 1105 sublatum
1115 1030 1228 1104 suerit
1335 1028 1336 1032 '

165 1142 378 1223 peccatum,
405 1151 447 1204 ac
464 1127 637 1205 Servator
654 1129 841 1202 tradiderit
854 1142 1016 1226 paratum
1034 1128 1129 1204 Patri
1148 1151 1227 1225 rog·
1264 1139 1268 1147 '

166 1249 273 1332 num,
302 1231 401 1318 quod
423 1231 564 1324 quidem
586 1230 751 1321 eoquod
774 1251 820 1308 ne
837 1230 921 1304 leve
939 1229 1083 1346 quidem
1099 1251 1226 1324 pecca·

166 1339 241 1402 tum
259 1325 522 1420 superfuturum
539 1331 598 1418 srt
627 1325 922 1422 poteritaPatre
934 1349 1072 1425 recrpr
1099 1329 1226 1404 &rut-
1291 1375 1293 1384 ·

165 1427 238 1502 sum
266 1426 429 1522 suscipiet
454 1433 574 1503 omnia
605 1428 717 1506 Dei
705 1452 744 1518 ur
777 1442 863 1504 toto
897 1427 1010 1524 seipso
1041 1427 1225 1526 perfetio,

167 1527 312 1616 quando
335 1530 506 1622 inpletur
529 1531 636 1618 illud,
664 1546 700 1601 ur
716 1535 757 1621 fir
775 1535 863 1603 Deua
882 1535 990 1606 omnia
1013 1534 1050 1602 r‘n
1067 1529 1244 1610 omnibus„

165 1625 312 1701 Dicitur
332 1629 439 1702 etiam
457 1646 586 1721 praeter
601 1631 676 1703 haec
691 1632 749 1706 vir
766 1634 916 1704 venient
936 1628 1019 1723 post
1030 1629 1227 1728 Joannetn,'¹

165 1742 248 1802 ante
274 1726 385 1822 ipsum
408 1728 545 1822 satior,
572 1728 606 1801 dc
631 1743 715 1803 ante
737 1729 847 1823 ipsum
873 1730 1048 1822 existens,
1073 1745 1116 1807 ut
1137 1728 1226 1804 edo·

164 1848 308 1904 ceamur
336 1828 448 1916 etiam¹
471 1830 655 1904 hominem
684 1826 749 1903 filii
780 1830 874 1918 Dei,
907 1830 1087 1906 divinitati
1117 1827 1226 1922 ipfiua

163 1929 401 2003 commixtum
425 1942 509 2002 ante
532 1927 654 2024 fuisse,
680 1945 785 2022 quam
806 1927 1010 2003 nasceretur
1027 1951 1073 2003 ex
1092 1930 1225 2023 Maria,

163 2047 270 2120 quem
287 2028 469 2102 hominem
485 2027 640 2121 Baptista
662 2029 751 2103 dicit
767 2026 802 2101 se
824 2028 973 2104 nescire
1020 2028 1225 2125 Quomodo

161 2149 238 2202 non
268 2141 399 2219 norat,
423 2149 505 2204 cum
523 2130 596 2244 jam
624 2126 819 2205 subfiiiiiset
846 2149 918 2222 prae
940 2127 1072 2228 gaudio
1095 2126 1225 2217 infant,

162 2227 334 2321 &adhuc
353 2227 532 2305 existens
522 2249 558 2303 m
574 2240 681 2305 utero
703 2227 940 2318 Elizabethae‚
966 2228 1109 2345 quando
1133 2225 1225 2305 satia

162 2328 214 2403 cst
238 2349 319 2401 vox
338 2327 558 2404 salutationis
577 2331 703 2409 Mariae
720 2331 762 2403 ad
781 2350 884 2403 aures
905 2349 1068 2426 conJugra
1089 2326 1226 2405 zacha·-

160 2426 250 2503 riaei
301 2426 458 2504 Proinde
482 2428 657 2524 observa,
682 2451 770 2504 num
785 2432 883 2521 quod
900 2430 1061 2527 Joannes
1084 2429 1171 2502 dicit
1188 2428 1227 2503 so
1269 2460 1272 2473 ·
1310 2448 1312 2465 ¹

161 2526 379 2620 nonnose,
404 2529 529 2605 referri
547 2528 649 2623 possit
664 2530 708 2604 ad
724 2531 761 2605 id
779 2542 944 2623 tempus,
970 2548 1044 2621 quo
1059 2530 1224 2604 nondum

161 2627 234 2723 ipse
253 2627 414 2703 Christus
435 2630 473 2701 iu
492 2648 650 2722 corpore
672 2644 895 2723 apparuerat.
945 2628 1009 2702 Sin
1030 2649 1122 2702 vero
1145 2648 1223 2704 non

161 2742 271 2801 norat
290 2725 402 2819 ipsum
422 2726 619 2821 Christum,
645 2745 836 2824 antequam
861 2729 897 2802 id
920 2731 1095 2823 temporis
1116 2749 1222 2822 appa·

160 2827 284 2903 ruisset
305 2831 341 2901 in
360 2848 540 2922 corpore,
566 2849 647 2905 cum
666 2846 787 2907 tamen
803 2827 915 2923 ipsum
929 2831 1001 2921 jam
1020 2826 1232 2925 agnovisset

161 2928 373 3003 existentem
397 2927 435 3003 in
458 2943 565 3002 utero
589 2930 731 3021 matris,
757 2928 904 3005 fortasse
929 2927 1031 3000 discit
1057 2926 1222 3017 quiddam

163 3029 256 3103 aliud
271 3028 317 3101 de
333 3048 399 3117 eo,
425 3027 603 3103 diversum
618 3031 763 3119 abillo,
789 3030 888 3120 quod
904 3026 1140 3124 agnoscebat,
1158 3025 1222 3101 sci·

162 3128 248 3201 licet
270 3128 369 3219 quod
387 3126 491 3223 super
513 3149 619 3220 quem
639 3128 800 3223 delapsus
820 3128 971 3224 Spiritus
988 3125 1123 3201 sanstus
1147 3148 1222 3202 ma·

161 3242 267 3302 neret
291 3228 395 3321 super
421 3249 527 3319 eum,
558 3228 618 3302 hic
642 3227 750 3321 esset,
777 3229 837 3321 qui
862 3229 1062 3321 baptizaret
1082 3226 1221 3321 Spiritu

161 3324 281 3403 sanfto
305 3327 339 3400 dt
361 3329 445 3423 igni.
495 3326 640 3403 Etenim
663 3327 689 3402 st
713 3343 871 3403 nouerat
896 3325 1008 3423 ipsum
1034 3326 1149 3401 adhuc
1175 3348 1222 3399 ex

162 3442 269 3501 utero
290 3427 412 3501 matris
424 3471 436 3515 ,
461 3440 499 3499 at
517 3448 594 3501 non
610 3443 768 3501 noverat
789 3429 931 3519 omnia,
958 3448 1034 3520 quae
1057 3427 1099 3501 ad
1120 3427 1221 3502 iilum

162 3528 403 3621 pertinebant.¹
452 3525 564 3602 Forte
582 3529 689 3604 etiam
706 3530 895 3624 ignorabat
915 3527 1026 3623 ipsum
1044 3524 1134 3618 esse,
1161 3528 1222 3619 qui

163 3628 323 3723 baptizat
348 3632 387 3700 iu
406 3625 539 3719 Spiritu
557 3627 676 3702 santio
697 3629 729 3700 u
751 3631 844 3724 igni,
870 3628 1013 3720 quando
1036 3627 1127 3698 vidit
1144 3625 1235 3721 Spi-¹

163 3730 267 3803 ritum
285 3724 625 3818 descendentem,&
646 3727 846 3821 supereum
869 3742 1084 3803 manentem.
1116 3726 1221 3802 Atta·

164 3850 243 3905 rnen
262 3831 379 3903 virum
392 3825 502 3920 ipsum
517 3829 622 3901 etiam
642 3843 745 3900 antea
761 3828 912 3904 existere
927 3840 1035 3899 norat
1048 3828 1219 3922 joannes.
1299 3898 1306 3908 ,

236 3938 294 4022 38.
320 3928 462 4002 Verum
483 3930 670 4003 enimvero
689 3929 825 4003 nulium
845 3929 1065 4002 vocabulum
1082 3951 1126 4001 ex
1149 3929 1218 4041 hie,
1243 4000 1248 4010 ,

167 4046 239 4123 qua
258 4028 364 4127 supra
383 4027 558 4125 diximus,
582 4026 829 4203 aequgchriiti
846 4048 916 4126 pro
935 4022 1042 4106 nobis
1062 4027 1221 4122 patroci-

720 4152 746 4220 4
1072 4130 1170 4202 nium
