2817 4575
322 337 389 424 nt
427 317 717 445 Jonur'a'nu
754 309 958 420 nonius¹
993 321 1069 422 vt.
1144 335 1215 444 ἰῇ
1314 339 1317 346 ·

145 505 230 611 Jesu
246 513 458 604 increpante
477 475 610 582 ventos
630 473 793 582 &undas
813 477 944 582 maris?
965 505 1021 582 Ex
1036 507 1113 600 'hot
1128 481 1212 586 casu
1260 511 1263 526 '

145 609 335 709 progredi,
363 606 510 683 extratti
526 607 642 683 sumus
662 621 707 680 ex
724 605 913 714 AEgyptp,
933 605 1017 683 Deo
1034 630 1103 684 nos
1123 607 1211 684 libra

145 725 271 800 rante,
297 714 356 803 qui
381 703 507 782 eduxit'
526 711 699 802 populum
722 707 820 781 suum
838 729 883 782 ex
903 705 1210 798 eat-'deinde'inid

144 816 244 887 mico
263 808 429 885 adversus
450 831 517 882 nor
533 807 748 880 acerbifflme
765 820 947 906 pugnante
969 831 1034 904 per
1048 809 1125 884 suaa
1142 803 1209 886 'ud'³

145 934 213 986 vas
239 915 382 1002 literas,
416 930 539 984 revera
566 905 768 1004 Evangelio
793 909 977 1002 inimicat,
1010 903 1208 1006 omnesque

145 1010 298 1109 AEgypti
321 1025 454 1084 ventos
482 1006 651 1082 aduersus
673 1029 740 1082 nos
769 1010 1007 1102 concitante,
1033 1011 1123 1086 stare
1147 1005 1205 1086 ni'u'

143 1120 254 1208 magis
270 1111 526 1184 adhortabatur
543 1111 637 1181 ratio
654 1112 696 1181 ad
717 1109 907 1184 certamen.
919 1107 1109 1186 'desertare
1121 1107 1207 1204 prat·=

143 1205 379 1288 stantiffimam
403 1211 472 1283 mei
499 1225 660 1303 partem,
688 1207 792 1300 quain
820 1210 1027 1302 importune
1054 1209 1210 1304 conj‘dtt'⁵

144 1333 232 1408 gere
246 1311 436 1384 restantem
452 1308 688 1402 scripturam,
705 1310 1061 1401 antequam-'rationis
1078 1303 1208 1392 discd'f‘

143 1409 201 1485 sua
226 1413 519 1503 tranquillitatem
549 1412 749 1503 reciperet,
774 1431 821 1484 ne
842 1409 943 1485 forte
965 1407 1205 1509 cogitationes

142 1521 266 1605 praue
283 1513 543 1584 invalescerent
564 1513 600 1584 in
622 1513 773 1584 animam
794 1511 910 1585 etiarn·¹
926 1515 1040 1586 meam
1062 1513 1208 1604 procel·'

143 1615 213 1686 lam
238 1615 420 1688 inducere.
475 1615 572 1708 Quin
593 1607 761 1704 absentes⁴
776 1615 942 1702 quoque„
969 1609 1037 1704 qui‘
1052 1615 1137 1688 mihi
1160 1609 1206 1688 d'e

142 1733 247 1787 more
266 1712 403 1804 adsunt,
421 1715 571 1784 veloces
585 1709 791 1804 scriptores,
808 1713 1108 1805 me'plohibeant,
1128 1711 1210 1805 qit'eu'¹

143 1810 420 1906 excogitassem,
446 1813 614 1884 mandare
637 1812 761 1882 literis.
813 1809 924 1883 Nu'nc
941 1811 1041 1884 'uero
1060 1809 1205 1904 qnando
1330 1847 1333 1854 ¹

143 1910 330 1986 adversum
349 1935 418 1984 nos
437 1914 556 2005 ignitae
569 1909 700 2006 sagitte
715 1912 833 1985 multae
851 1927 953 1984 uanae
970 1911 1116 1985 fuerunt
1134 1909 1206 1986 faci

143 2027 212 2105 tae,
239 2011 325 2084 Deo
353 2016 429 2084 illas
456 2013 710 2109 extinguente,
737 2004 923 2085 &assueta
947 2015 1061 2085 anima
1085 2010 1210 2086 nostra·

143 2115 220 2204 hia,
249 2133 327 2204 qnae
349 2110 497 2185 coelestis
524 2111 695 2185 sermonis
723 2109 823 2184 causa
841 2113 1080 2209 contingunt,
1107 2113 1205 2186 ferre
1309 2181 1315 2200 ,

143 2216 290 2311 cogitur
309 2212 446 2285 facilius
469 2211 576 2285 saetas
594 2212 755 2303 insidias,
781 2213 896 2284 veluti
916 2216 1133 2306 aliquantum
1158 2211 1210 2286 se·‘·'
1314 2209 1319 2226 ²

142 2315 306 2389 renitatir
329 2314 441 2405 naut,
468 2330 544 2386 non
562 2315 710 2407 amplius
728 2311 937 2387 differentes
954 2313 1083 2387 dictare
1101 2314 1211 2387 volui

142 2436 220 2490 mue
229 2462 244 2501 ,
271 2434 348 2506 quae
365 2414 520 2504 restant,
539 2416 657 2503 Deum
672 2414 870 2509 magistrum
888 2418 922 2486 in
938 2418 1060 2488 animae
1077 2402 1208 2487 nostrae*

143 2517 259 2608 adyto
278 2516 452 2608 penetrali
470 2511 693 2587 insonantem
706 2512 820 2586 adesse
832 2528 1035 2606 precantes,
1049 2513 1211 2589 utfinem·

144 2618 299 2707 accipiat
329 2611 498 2687 structura
529 2614 766 2685 enarrationis
800 2612 984 2706 Evangelii
1014 2610 1209 2689 secundum

143 2715 335 2811 loannem.
363 2717 485 2804 Atque
502 2714 637 2788 utinam
657 2715 777 2784 audiat
796 2712 895 2784 Deus
913 2734 1038 2807 preces
1056 2713 1214 2799 nostrau,'·

144 2830 183 2888 ut
201 2830 336 2905 corpur
352 2816 466 2885 totius
484 2816 604 2903 operis
622 2813 843 2908 conjungere
857 2810 1037 2905 possimus,
1052 2830 1121 2885 nec
1137 2812 1208 2885 ulla

144 2914 295 3009 posthac
308 2913 491 2987 neceffitas
505 2915 717 3008 intercipiat
729 2928 836 3003 atque
853 2916 1090 3006 interrumpat
1106 2906 1211 3005 scrip·

148 3028 236 3087 turae
262 3013 397 3087 seriem.
452 3012 629 3086 Caeterum
649 3012 734 3085 scias
758 3035 801 3084 ex
824 3014 935 3085 multa
949 3028 1018 3085 nos
1038 3010 1212 3105 prompti·

146 3114 273 3187 tudine
289 3116 427 3187 initium
446 3111 534 3186 sexti
552 3114 641 3185 tomi
658 3115 780 3186 denuo
797 3112 944 3202 facere,¹
964 3113 1111 3203 eoquod
1132 3116 1217 3204 qu'ae'

146 3229 253 3287 rntea
274 3214 501 3305 interpretati
525 3212 702 3285 fueramus
726 3212 972 3294 Alexandria,
997 3210 1210 3302 nescioquo

145 3312 254 3408 patto
271 3314 460 3386 uobiscum
479 3314 582 3383 allata
598 3332 674 3384 non
689 3312 846 3385 suerunt.
898 3309 1031 3384 Melius
1049 3314 1143 3384 enim
1158 3314 1218 3382 rai

98 3460 104 3474 -
145 3428 202 3486 tua
218 3410 315 3504 sum,
342 3432 388 3483 ne
408 3412 549 3484 interim
567 3412 675 3486 etiam
692 3413 766 3485 hoc
786 3430 878 3504 opus
897 3430 977 3485 cum
999 3412 1138 3507 ignavia
1161 3410 1213 3481 in-

145 3514 431 3595 termitteretur,
466 3532 543 3603 quae
570 3510 750 3584 restabant
774 3511 968 3605 prosequi,
996 3528 1098 3601 quam
1128 3508 1212 3585 dunt

85 3632 88 3661 ⁸
146 3615 307 3688 incertus
329 3609 402 3686 sum
420 3611 647 3703 inveniendi,
675 3632 753 3703 quae
771 3614 997 3703 interpretati
1018 3602 1212 3699 fueramus,

85 3728 92 3775 ι
148 3710 369 3806 exspettare:
402 3712 474 3782 hoc
500 3712 642 3785 interim
668 3725 857 3804 tempore,
891 3711 990 3800 quod
1016 3712 1106 3784 lucri
1138 3726 1216 3785 non

103 3812 110 3849 ’·
147 3830 259 3903 parva
276 3808 328 3883 est
345 3810 516 3902 acceffi0‚
544 3827 732 3905 pereunte.
785 3806 834 3881 Et
850 3810 925 3883 haec
945 3811 1108 3903 prooemii
1125 3813 1214 3885 loto

150 3902 229 3986 sctit
250 3910 378 3985 sunto:
404 3930 502 3983 nunc
517 3912 590 4003 jam
611 3924 828 3987 contextum
846 3911 1042 4004 sequamur.

110 4080 118 4097 '
202 4113 348 4205 orqmu
366 4107 451 4185 rom.
470 4107 579 4188 arnt.
812 4103 856 4190 R
1086 4121 1127 4180 r.
1153 4097 1206 4174 ut
