2817 4575
131 383 136 388 ·
328 356 392 432 ru
428 339 725 453 Jonuucu
762 293 966 428 ¹cornus
1002 351 1046 431 n
1136 303 1239 472 trrss
1290 295 1299 434 ’.

129 535 226 597 'eam
246 520 417 612 animam,
444 523 527 607 quae'
544 537 590 591 ex
609 515 743 610 Spiritu
763 513 880 588 sancio
906 521 1205 607 conceperam-st
1297 561 1299 566 -

148 644 216 694 eos
239 622 296 713 qui
315 622 393 692 illic
413 621 603 691 utilitatem
627 617 888 712 perceperunt:
911 616 1202 718 consolaturum,
1275 685 1278 693 .

145 723 313 814 inquam,
341 720 373 791 st
393 715 563 791 intralibus
579 718 615 790 in
635 736 721 812 agro
740 718 850 811 pleno
868 714 1007 795 futuris.
1025 793 1028 798 ,
1048 713 1052 721 ’

220 841 253 914 7.
291 820 530 917 Quaerendum
562 832 741 907 attamen,
769 836 876 907 quare
899 817 1106 910 adnuptias
1134 817 1201 906 fra:
1263 859 1272 900 a

145 935 220 993 tres
240 921 314 1012 eJ'us
336 935 411 991 non
437 932 636 992 vocentur:
661 915 721 990 scd
746 937 864 1008 neque
884 932 983 989 erant
1007 920 1100 992 illic:
1130 938 1201 991 neo

141 1021 238 1093 enini
259 1017 386 1094 dissum
413 1018 479 1092 est:
505 1018 547 1089 ln
569 1016 814 1112 capharnaum
841 1004 957 1090 autem
983 1017 1201 1130 descendunt

142 1118 352 1211 cumipse,
380 1119 412 1192 δι
440 1114 890 1209 matresua&iiiscipulir.
941 1116 1207 1210 insuperque,
1270 1167 1272 1175 -

139 1222 317 1306 rendum,
345 1239 452 1309 quare
470 1238 567 1290 nunc
582 1237 661 1292 ⁴nnn
676 1216 923 1312 ingrediuntur
939 1213 1200 1311 Caphamaum,

137 1338 260 1411 neque
281 1316 475 1391 ascendunt
496 1316 539 1390 ad
558 1309 685 1411 ipsam,
713 1315 771 1392 sed
792 1313 1020 1390 descendunt.
1072 1321 1208 1414 Quare..

139 1420 249 1507 vide,
277 1439 320 1491 an
337 1420 409 1491 hoc
425 1423 460 1491 in
479 1421 566 1490 loco
584 1438 647 1512 per
658 1415 789 1500 fratres
804 1415 1041 1512 intelligendu
1059 1417 1126 1491 srnt
1143 1419 1198 1491 he
1299 1419 1303 1432 '

137 1519 336 1612 potentiue,
364 1541 440 1611 quae
467 1538 547 1592 cum
573 1517 650 1611 ipso
675 1516 957 1608 descenderunt,
981 1537 1061 1608 qtrae
1088 1518 1196 1602 etiam

136 1619 184 1691 ad
199 1621 339 1711 nuptias
355 1635 495 1691 vocatos
508 1638 583 1689 non
601 1615 679 1688 sunt
696 1620 746 1690 ob
768 1639 832 1708 ea,
860 1640 936 1709 quae
954 1617 1195 1709 prediximus:

133 1740 221 1792 cum
244 1717 356 1808 inira,
384 1719 417 1790 sc
441 1722 478 1791 in
496 1717 593 1800 locis¹
605 1717 852 1792 humilioribus
868 1719 1041 1810 juventur
1063 1719 1108 1809 ii,
1135 1717 1197 1809 qui
1257 1800 1260 1806 .

133 1818 267 1891 Christi
291 1820 467 1891 habentur
486 1809 672 1910 discipuli,
698 1818 897 1892 &alterius
919 1821 1055 1914 generis
1082 1819 1196 1890 homi·
1298 1875 1301 1880 ⁴

134 1940 227 2002 nes,
255 1920 442 2008 quoniam,
469 1916 493 1989 sr
517 1931 673 1990 vocatur
696 1932 810 1992 mater
836 1920 937 2008 ejus,
965 1919 1030 1989 srnt
1055 1917 1196 2007 qnidam

132 2016 373 2113 proficientes
390 2015 715 2110 &fruniscantem
742 2019 785 2089 ad
810 2037 901 2106 quos
917 2021 1029 2089 etiam
1054 2017 1197 2090 descen·

121 2120 191 2190 ¹alit
208 2117 383 2190 Dominus
402 2116 474 2210 ipse
494 2138 581 2206 cum,
592 2116 755 2198 ministris
777 2119 877 2190 verbi
904 2116 972 2189 Dei
997 2116 1198 2214 &discipu-

132 2219 201 2309 lis,
231 2221 317 2290 tales
335 2218 528 2310 adjuvans,
554 2232 667 2295 matre
685 2217 747 2293 fibi
762 2219 868 2292 etiam
886 2216 1069 2292 assistente.
1103 2218 1196 2291 Sane

127 2321 193 2409 qui
219 2319 440 2410 appellantur
465 2318 736 2412 Capharnaum,
763 2319 934 2401 videntur
959 2338 1034 2391 non
1065 2338 1195 2410 capere

129 2418 398 2490 diuturniorem
417 2416 524 2512 Jesu:
542 2439 761 2512 eorumque,
790 2421 847 2511 qui
867 2439 946 2492 cum
961 2419 1035 2512 ipso
1054 2412 1196 2491 descen·

96 2584 99 2589 .
128 2521 284 2609 derant,
312 2518 404 2611 apud
427 2516 461 2591 se
483 2517 802 2610 consuetudinem,
828 2521 923 2590 unde
948 2531 1094 2591 manent
1119 2519 1197 2608 qui·

128 2619 216 2691 dem
235 2618 327 2709 apud
346 2617 440 2711 ipsos
460 2638 536 2691 non
560 2619 679 2690 multis
699 2617 836 2691 diebus.
889 2614 982 2714 Nam
1008 2638 1089 2711 agar
1108 2633 1198 2690 con·
1288 2658 1291 2664 Α

130 2718 322 2790 solutionis
339 2718 488 2790 insernae
500 2718 688 2811 rionc'apit
702 2717 999 2811 illuminationem
1016 2719 1060 2788 de
1076 2716 1196 2803 multis

130 2817 377 2912 dogmatibus,
394 2837 512 2891 rerum
528 2818 688 2891 tenuium
702 2838 787 2891 -cum
805 2818 846 2893 sat
862 2836 985 2910 capax.
1018 2816 1195 2889 Praeterea

133 2922 178 2988 u't
196 2914 631 3006 videamussdifferentiam
651 2937 799 3008 eorum,
826 2919 885 3008 qui
905 2918 983 3008 plus
1002 2918 1063 2990 vel
1078 2918 1196 2993 minus

134 3012 468 3112 suscipiunthsum,
485 3016 683 3091 addendum
700 3016 751 3090 est
768 3017 887 3091 verbis
906 3017 992 3091 illis:
1022 3016 1197 3103 illicflman·
1244 3082 1246 3093 ,
1272 3058 1274 3065 J

125 3114 245 3207 firuur
260 3142 323 3186 nan
342 3119 451 3188 inultis
467 3118 590 3205 diuus,
616 3115 703 3188 illud
724 3114 967 3208 quod'dicitur
988 3137 1007 3188 a
1031 3114 1194 3188 Domino

133 3210 343 3288 resuscitato
373 3234 418 3288 ex
450 3220 601 3293 mortuis
628 3217 722 3310 apud
752 3214 985 3307 Matthaeum,
1018 3215 1196 3309 discipulis

134 3313 240 3388 missis
263 3315 525 3391 adducendum
548 3338 675 3391 omnes
696 3331 842 3412 gentes,
869 3316 916 3392 stt
938 3318 1089 3389 habens:
1123 3317 1198 3384 Ecce

114 3426 187 3508 'ego
205 3414 361 3485 vobiscum
375 3417 445 3505 sum
464 3419 609 3488 omnibus
631 3419 758 3505 diebus,
784 3441 879 3513 usque
900 3420 940 3487 ari
960 3416 1197 3504 consummatio·

129 3537 209 3584 erem
235 3516 348 3601 saculi.
399 3516 566 3609 Namque
594 3519 765 3612 agnituris
794 3518 935 3608 quidem
958 3517 1079 3589 omnia
1105 3534 1197 3604 quae·

132 3634 280 3704 cunque
309 3615 500 3710 agnoscere
525 3618 644 3710 potest
670 3617 823 3691 humana
848 3630 995 3704 natura,
1032 3612 1114 3685 dum
1138 3611 1197 3688 hic

132 3714 252 3809 degit,
267 3715 424 3803 (dicitur
438 3716 721 3790 demonstrative
737 3715 829 3789 hoc:
857 3716 923 3808 Ego
938 3714 1093 3782 valiscum
1105 3713 1196 3799 suma

133 3816 183 3887 de
197 3816 300 3886 omni
323 3836 414 3888 vero
432 3832 516 3888 ortu
538 3815 572 3889 ἃ
593 3817 878 3909 illuminatione,
906 3834 982 3906 quae
1004 3814 1057 3885 his
1081 3814 1198 3885 exori·

134 3928 219 4002 tur,
234 3916 294 4003 qui
309 3912 583 4012 speculantur,)
605 3932 760 4010 'quaeque
773 3914 848 3988 dies
864 3917 982 4008 plures
999 3916 1047 3986 ob
1067 3915 1198 3985 oculos

100 4102 104 4107 Ι
133 4013 245 4109 ponit
260 4012 479 4111 beatissimis,
504 4016 608 4113 illudi:
639 4017 788 4090 Omnibus
810 4016 936 4109 diebus,
959 4038 1060 4110 arque
1079 4018 1121 4079 at
1136 4028 1208 4074 tsn-

189 4116 337 4209 origenis
359 4109 443 4193 Tem,
463 4112 571 4196 rull.
760 4108 839 4200 Dii
1046 4111 1186 4205 illm·
