2817 4575
197 365 201 376 ¹
262 281 331 426 nr
365 307 901 445 Joauunnr‘rou'us
936 281 1012 426 ut.
1076 363 1144 444 tos

143 505 243 606 'apter
269 507 519 601 altionem-li
542 509 644 601 quis,
670 509 895 601 cumprobe
922 503 1144 614 perviderit,

143 616 176 688 id
196 615 390 710 agendum,
406 609 582 684 aaronem
598 609 882 684 convenientem
897 612 1030 684 rationi
1044 611 1149 685 retia

143 716 290 810 {gerenti
312 712 472 807 agenda,
497 711 644 804 inopus
663 708 888 812 produxerit.
938 708 992 783 Ut
1008 729 1151 786 accura-

143 837 163 885 s
191 833 281 887 vero
303 810 537 907 intelligamus
561 809 666 884 illud:
692 813 847 900 ‘Dirigire
872 812 962 879 viam
995 817 1149 899 Damania

145 929 341 1007 portunum
358 913 427 982 erit
444 912 573 995 citare,
588 908 685 999 quod
700 910 737 980 in
754 906 1040 1008 Prouerbiorum
1055 914 1150 998 libro

162 1011 310 1086 distumt
344 1013 397 1082 Nc
416 1011 625 1080 declinaveris
644 1033 744 1105 neque
759 1009 799 1078 ed
818 1010 976 1081 demerem
995 1035 1092 1112 neque
1111 1010 1152 1086 ad

143 1113 258 1208 iflram.
279 1115 281 1122 “
310 1109 382 1210 Qui
406 1111 499 1182 enim
515 1111 554 1181 in
570 1109 776 1182 utramlibet
794 1109 965 1206 inclinat,
991 1113 1020 1184 is
1041 1113 1153 1188 amisit

143 1211 181 1285 td
204 1212 378 1306 dirigere,
404 1206 516 1283 fartus
540 1227 617 1281 non
636 1208 784 1301 amplius
800 1227 885 1281 cura
904 1209 938 1283 dt
955 1212 1154 1287 considera·

143 1333 198 1404 me
221 1311 365 1405 dignus,
392 1305 786 1408 quando‘transgrelsus
802 1304 911 1384 ftren‘t
922 1309 1062 1385 itineris
1077 1333 1155 1386 ree·

143 1413 295 1484 udinem.
346 1412 508 1506 Quoniam
529 1406 624 1481 enirn
633 1408 738 1505 juflus
757 1412 935 1496 Dominus,
960 1407 1155 1509 &jusiitias

143 1516 228 1599 exit,
253 1517 293 1585 θ’
318 1509 527 1582 relir'rrrtlines
549 1509 639 1578 uidit
659 1508 773 1578 vultus
793 1512 881 1603 ejus,
905 1511 1020 1600 illud,
1053 1512 1153 1604 quod

143 1613 221 1701 let,
246 1611 458 1685 illuminat..
485 1605 590 1681 Hanc
607 1609 658 1681 ob
677 1605 812 1682 eausam
835 1613 895 1701 qui
913 1609 964 1684 est
985 1614 1021 1685 in
1043 1612 1156 1708 conlp-

144 1711 302 1795 ratione,
331 1710 365 1780 dt
382 1707 515 1800 tutela,
539 1706 731 1782 utilitatem
754 1727 800 1780 ex
817 1708 885 1782 hac
910 1729 995 1784 cura
1018 1712 1050 1784 dt
1070 1733 1155 1808 pro·

144 1809 256 1884 stione
273 1810 442 1902 capiens,
466 1807 601 1897 inquit:
627 1810 798 1900 Signatum
818 1809 1033 1906 gisuperinos
1049 1816 1158 1885 lumen

144 1914 213 1982 ltus
228 1914 301 2002 rui,
330 1912 478 1982 Domine.
530 1904 657 1997 Itaque
672 1905 802 1980 stemus
816 1910 853 1980 in
872 1912 960 1990 viis,
982 1912 1087 2003 juxta
1100 1913 1157 2006 Je-

144 2012 215 2086 miae
239 2007 349 2101 diitr,
375 2008 409 2082 dr
432 2005 598 2080 videntes
622 2006 885 2101 interrogemus
907 2005 1052 2084 'semitas
1077 2011 1157 2086 Do·

148 2112 183 2185 ni
199 2108 448 2202 sempiternas:
476 2105 719 2192 derideamus,
736 2125 894 2197 quaenam
910 2107 953 2181 sat
972 2110 1030 2183 via
1047 2113 1158 2200 bone,

156 2212 374 2286 ambulemus
398 2211 435 2282 in
458 2227 517 2279 ea:
544 2209 717 2301 perinque
739 2221 846 2299 atque
870 2207 1062 2302 Apostoli,
1098 2216 1160 2305 qui

144 2325 299 2402 terunt,
327 2309 644 2403 &interrogarunt
663 2306 801 2381 semitas
820 2307 968 2384 Domini
981 2309 1160 2405 sempiter-

147 2434 184 2484 s:
210 2430 339 2500 nempe
358 2407 577 2482 Patriarehas
601 2408 634 2479 dt
656 2405 880 2499 Prophetas,
904 2429 1057 2499 quorum
1079 2412 1161 2487 lite·

144 2534 156 2586 s
173 2530 253 2583 curn
270 2505 560 2603 interrogallent‚
575 2504 700 2598 'postea
718 2508 812 2597 iplos
827 2507 1086 2604 intelligendo,
1105 2512 1160 2585 vi.

147 2626 232 2683 runt
248 2610 339 2681 viam
351 2611 505 2698 bonam,
522 2625 654 2697 nempe
668 2605 786 2699 Jesum
797 2605 996 2683 dicentem:
1020 2608 1162 2702 Egestam

144 2710 500 2793 a,&ambulaverunt
511 2706 547 2778 in
559 2724 612 2778 ea.
640 2707 741 2776 lione
757 2706 849 2779 enim
864 2707 923 2778 via
935 2707 1007 2797 est,
1021 2728 1097 2799 que
1116 2712 1161 2785 ad

144 2825 242 2885 rtrem
267 2808 367 2879 ducit
384 2808 522 2879 bonum
541 2805 724 2877 hominem
746 2805 790 2877 de
807 2801 974 2879 thesauro
992 2806 1055 2879 suo
1077 2831 1162 2902 pro-

144 2923 279 2984 rentem
293 2911 414 2997 bona,
440 2907 626 2979 &bonurn
645 2901 784 2979 servum
800 2903 834 2976 dt
851 2900 1005 2980 fidelem.
1051 2905 1165 2985 Carte-

147 3034 180 3087 m
199 3010 275 3082 hec
294 3008 435 3099 quidem
454 3026 513 3077 vra
527 3003 670 3101 angusta
691 3001 743 3077 est
763 3005 994 3099 vulgaribus,
1023 3008 1054 3077 dt
1074 3011 1163 3083 alio·

144 3114 163 3182 ti
187 3109 302 3181 earnis
322 3107 543 3186 amantibus,
568 3105 630 3196 qui
658 3104 729 3174 iter
748 3122 813 3193 per
838 3122 915 3179 eam
942 3105 1063 3181 facere
1085 3130 1164 3186 non

145 3207 270 3315 illunt3
295 3202 355 3279 sed
372 3205 495 3280 eadem
516 3206 621 3277 etiam
639 3199 773 3297 prelia,
799 3202 833 3275 dt
853 3204 937 3276 trita
958 3204 1009 3279 est
1028 3209 1072 3281 ab
1094 3209 1164 3301 his,

145 3313 165 3382 ri
186 3309 260 3380 vim
276 3306 433 3395 faciunt,
459 3318 500 3374 ut
519 3325 583 3397 per
602 3322 679 3377 eam
701 3315 806 3374 eant:
833 3305 1003 3394 quoniam
1019 3326 1094 3381 non
1113 3308 1167 3383 est

145 3412 397 3500 depromens,
415 3403 474 3477 sed
492 3401 616 3498 prelia.
648 3399 745 3475 Nam
762 3404 911 3493 quinon
929 3402 1081 3480 solverit
1098 3411 1168 3485 cal·

145 3523 295 3583 ramenta
315 3506 445 3598 pedum
467 3501 636 3594 suorum,
662 3521 782 3593 neque
804 3501 941 3577 lincere
966 3503 1166 3606 admiserit,

145 3609 207 3683 rod
231 3609 356 3697 locus,
381 3607 418 3678 in
444 3624 517 3695 quo
538 3603 627 3694 stat,
652 3602 859 3696 ueletiam,
887 3622 952 3696 per
971 3626 1077 3696 quem
1095 3630 1168 3685 am·
1269 3616 1273 3624 '

145 3713 228 3801 ilat,
254 3719 348 3778 terra
363 3701 477 3776 sanila
492 3701 561 3797 est,
587 3702 617 3776 is
627 3701 766 3795 premit
782 3703 969 3777 viventem
989 3706 1105 3801 viam,
1132 3709 1167 3783 dt

145 3808 317 3883 ntientent
342 3804 581 3899 proprietates
603 3801 770 3876 facientis
795 3798 904 3903 iter..¹
927 3798 1050 3901 Ducet
1076 3810 1165 3903 prae'-

145 3928 206 3983 rea
222 3907 298 3982 haee
313 3908 373 3976 via
391 3903 557 3995 adeum,
583 3903 665 3995 qui,
690 3902 770 3974 vita
786 3920 868 3977 cum
882 3900 948 3996 fit,
967 3902 1073 3981 dixit:
1101 3908 1167 4004 Ego

145 4032 174 4082 m
190 4012 276 4087 viro,
312 4002 488 4081 Servatur
503 4021 677 4098 namque,
693 4001 731 4076 in
750 4019 824 4096 quo
838 4002 1006 4081 universa
1022 4004 1078 4079 est
1092 4009 1174 4091 uir-

1052 4117 1153 4189 tus,
