2817 4575
300 361 690 469 lltlonlllldlu
730 361 946 442 nouus
982 367 1010 447 1.
1104 359 1215 467 ·41'·1

121 536 171 610 de
183 554 230 608 co
241 530 369 627 scripte
381 533 473 625 sunt,
490 529 598 605 &le
608 531 808 604 enumerari
820 528 977 622 poliunt,
992 532 1184 623 probando

127 633 248 729 Jesum
262 635 444 707 bonorum
454 628 525 704 effe
534 631 814 705 multitudinem:
841 644 948 722 atque
964 651 1009 702 ex
1021 630 1090 722 hir,
1107 651 1187 723 quc

125 735 438 829 egre-enumerari
460 728 602 825 pollent
617 729 652 801 u
670 728 799 821 scripta
818 726 916 813 sunt,
942 728 1186 822 conjecturam

127 829 260 928 capere
285 833 330 905 de
346 833 410 913 lis,
437 851 514 922 quae
534 827 668 923 inipso
690 828 833 921 quidem
855 826 994 922 insunt,
1021 830 1186 921 inquere

125 931 395 1025 beneplacitum
425 931 497 1003 luit
529 948 672 1004 omnem
699 927 961 1021 plenitudinem
982 928 1187 1005 divinitatis

125 1032 369 1125 corporaliter
391 1029 578 1104 habitare:
602 1027 697 1102 haud
728 1040 848 1101 tamen
871 1049 891 1099 a
918 1029 1047 1101 litteris
1068 1031 1190 1102 conti-

125 1137 279 1206 nentur:
298 1128 381 1221 quid
397 1129 482 1204 dico
500 1150 520 1200 a
536 1125 693 1201 litteris?
713 1127 856 1217 quando
873 1124 907 1198 dr
925 1127 970 1200 de
986 1144 1069 1202 toto
1086 1149 1189 1204 mun·

127 1230 179 1304 do
197 1230 295 1302 dicat
308 1230 488 1324 Joannest
514 1231 584 1300 Nec
604 1227 682 1322 ipse,
695 1235 824 1321 opinor,
850 1230 985 1296 mundus
997 1246 1116 1323 reperet
1127 1253 1188 1318 eor,

128 1337 186 1428 qui
193 1325 407 1419 scriberentur
419 1328 526 1401 libros.
552 1326 686 1399 Dicere
704 1346 792 1419 ergo
809 1326 1011 1420 Apostolos
1031 1349 1190 1426 evange·

128 1431 240 1510 liztre
264 1426 512 1507 Seruatorem
537 1426 686 1518 perinde
711 1424 762 1497 est
787 1445 829 1500 ac
851 1425 877 1499 fi
899 1428 1097 1501 diceremur
1122 1448 1189 1504 eor
1245 1449 1247 1456 ·

127 1527 378 1626 evangelizare
394 1527 492 1602 bona
505 1527 637 1600 omnia.
668 1527 786 1619 Quam
810 1525 951 1600 obrem
970 1527 1029 1599 hic
1047 1525 1099 1600 est
1111 1528 1189 1621 ille,

131 1629 224 1722 quia
242 1630 344 1702 borlo
363 1630 462 1698 latre
477 1626 628 1718 accepit,
646 1640 688 1697 ut
702 1623 791 1698 ell'et
808 1638 867 1697 tot
878 1628 994 1699 bona:
1020 1638 1062 1700 ut
1079 1625 1191 1701 unua·

127 1731 280 1821 trulaque
295 1745 342 1799 eo
362 1726 460 1816 quod
474 1727 588 1820 cepit,
615 1726 678 1796 nel
697 1726 758 1810 iis,
787 1743 864 1817 quae
880 1727 1001 1821 capit,
1027 1747 1108 1800 cum
1126 1746 1192 1822 per

133 1827 249 1925 lesum
264 1847 308 1900 ea
319 1827 545 1919 perceperit,
572 1823 710 1896 fruatur
728 1825 846 1899 bonla.
897 1825 1003 1898 Haud
1017 1840 1192 1919 poterant

135 1942 252 2005 autem
269 1921 459 2020 Apostoli,
477 1941 640 2014 ¹quorum
661 1923 800 2014 pulchri
821 1922 901 1994 sunt
918 1925 1046 2016 pedes,
1074 1925 1192 1999 &ho-

133 2048 211 2110 rum
229 2023 373 2104 studiosi
390 2025 588 2104 imitarores
607 2023 855 2118 evangelizare
872 2023 991 2115 bona,
1017 2025 1078 2098 nisl
1091 2023 1193 2121 Jesua

134 2143 238 2203 antea
262 2125 342 2218 ipsis
373 2118 665 2224 evangelizaffet:
705 2120 1005 2212 quemadmodum
1032 2121 1195 2216 loquitur

134 2225 269 2302 Esaias:
306 2224 470 2319 Eg'o'ipse,
499 2229 554 2320 qui
575 2222 738 2319 loquebar,
764 2222 889 2309 adsum,
906 2222 989 2320 ficut
1009 2229 1196 2321 opportuni·

137 2345 187 2400 res
210 2335 248 2396 in
269 2326 451 2408 manniri,
469 2325 550 2417 ficut
571 2324 659 2419 pedes
686 2324 1090 2418 evangelizamtium,
1112 2326 1194 2421 fieret
1279 2374 1283 2387 -

137 2429 361 2520 coingenitum
387 2426 474 2506 barro,
489 2429 640 2518 qnoniam
656 2426 800 2494 nuditum
811 2422 947 2512 salutem
962 2440 1049 2496 ruam
1057 2425 1191 2517 facicm,

85 2574 87 2587 ·
138 2532 263 2617 diceris,
292 2531 375 2597 Sion
398 2526 539 2616 regimiir
567 2528 655 2594 Deus
679 2541 767 2593 runs.
822 2524 977 2619 Quinam
1001 2526 1094 2598 ellim
1113 2522 1196 2599 sunt

139 2640 305 2717 moriter,
332 2627 367 2705 in
393 2626 528 2719 quibus·
543 2622 615 2717 ipse
639 2625 700 2713 qui
722 2624 881 2713 loquitur
905 2621 1012 2697 inelle
1034 2624 1068 2697 se
1092 2624 1195 2720 dicit,

140 2729 199 2804 nisi
219 2729 279 2819 lii,
308 2727 365 2815 qui
383 2726 480 2797 nulla
494 2743 533 2794 re
547 2722 736 2795 inferiores
753 2721 833 2794 sunt
850 2723 915 2814 iis,
934 2725 993 2813 qui
1007 2722 1109 2819 sriper
1125 2739 1197 2798 ter-

140 2823 310 2901 nminat
325 2824 467 2896 maximi
486 2822 518 2893 u
536 2816 705 2896 altiillmi‘i
732 2841 822 2917 quoa
843 2821 1006 2912 quaesrtoa
1031 2824 1198 2915 oportuit

142 2932 183 3000 eb
199 2927 276 3017 hia,
298 2927 357 3014 qui
373 2924 464 2995 novi
478 2920 699 2995 Testamenti
717 2920 862 2996 ministri
876 2920 957 2994 sunt
971 2922 1112 2996 idonei:
1136 2924 1199 2995 sci·

141 3029 228 3101 licet
246 3039 288 3097 ut
308 3022 451 3101 servent
472 3041 689 3115 preceptum
709 3023 854 3093 dicent:
882 3024 1135 3117 deprimentem
1151 3023 1199 3095 al·

142 3144 208 3198 nrm
232 3122 376 3215 ascende,
404 3129 459 3218 qui
482 3123 683 3215 evangelicos
712 3125 814 3205 Sion,
840 3121 946 3194 exalia
971 3147 1040 3194 cum
1056 3122 1199 3212 sortire·

145 3228 215 3297 dine
234 3249 338 3294 uocem
362 3241 470 3312 ruem,
498 3226 554 3318 qui
569 3230 754 3291 annunties
776 3220 983 3309 Hierusalem.
1034 3222 1117 3295 Nec
1136 3224 1201 3300 mi·

145 3347 220 3399 rere
235 3326 260 3398 si
275 3323 572 3418 evangelizatoris
583 3323 695 3412 bona,
711 3323 810 3394 bona
826 3342 970 3413 quoque
981 3320 1079 3416 Jesua
1091 3345 1201 3397 evan·

145 3428 297 3519 gelizet‚
326 3443 402 3513 quae
424 3441 500 3493 non
520 3422 587 3492 alia
600 3420 716 3493 sunta
735 3418 769 3492 se
786 3418 885 3512 ipso,
911 3420 1201 3512 quandoquidem

147 3523 294 3615 seipsum
309 3523 376 3594 illis
388 3522 611 3615 evangelizat
627 3518 722 3594 filius
735 3518 819 3611 Dei,
836 3521 894 3611 qui
909 3518 1019 3612 ipsum
1035 3541 1098 3613 per
1110 3524 1202 3597 alica
1242 3516 1244 3520 ’

148 3623 282 3697 discere
296 3638 491 3710 nequeunt.
521 3620 782 3695 Verumtamen
798 3621 857 3711 qui
872 3617 1029 3692 ascendit
1044 3638 1206 3714 montea,

149 3725 212 3798 illia
228 3723 479 3816 evangelizans
496 3720 615 3813 bona,
641 3718 736 3793 haud
752 3723 978 3813 contemptui
993 3723 1102 3794 habet
1120 3743 1207 3812 pau·

151 3844 253 3916 perer
274 3823 420 3912 spiritu,
447 3822 590 3893 abono
615 3821 678 3893 illo
704 3818 853 3892 edoctus
880 3819 1008 3909 Patre,
1035 3827 1090 3918 qui
1109 3823 1206 3912 Μαι

150 3925 235 4010 [urm
256 3925 378 3993 exoriri
393 3920 571 4008 iaritsuper
588 3921 679 3992 lonis
696 3917 736 3992 dl
751 3921 868 4005 meles,
894 3919 932 3996 θ
945 3930 1002 4017 qni
1018 3925 1101 4016 pluit
1115 3921 1207 4015 [uper

95 4014 102 4109 l
151 4023 236 4128 imin
255 4023 294 4106 d
313 4017 460 4119 injustis.
513 4019 760 4202 Namquechls
786 4039 936 4119 quoque
964 4012 1234 4120 evangeliun-'l

99 4148 103 4157 ·
727 4146 751 4225 5
1092 4121 1200 4202 litut.
