2817 4575
164 318 171 331 ’
259 301 293 338 ”
367 315 1092 468 ranarvrvrnronus'x.
1186 300 1288 445 455'

187 489 407 593 domus'Dei
428 517 606 606 viventis,
633 516 800 589 columna
825 510 1138 588 &firmamentum
1159 512 1252 588 veri·

191 622 277 692 tatis
287 668 298 708 ,
325 638 400 689 non
420 615 497 688 sunt
512 617 620 708 aliqui
637 613 795 689 mensarii
813 612 996 703 sedentes,
1013 614 1140 704 quibus
1157 633 1250 705 opus

189 713 236 792 fit
251 717 359 820 plagis
377 737 421 790 ex
441 715 586 811 flagello
602 736 622 788 e
642 714 808 787 funiculis
827 736 844 786 a
865 712 947 811 Jesu
965 707 1087 786 satio?
1119 710 1269 786 Rursus

191 817 337 907 quando
361 836 436 889 non
457 812 538 888 sunt
558 814 766 919 argentarii,
795 815 920 905 quibus
937 812 977 886 srt
994 832 1085 904 opus
1105 813 1269 888 illorum.
1289 883 1300 908 s

191 938 239 989 aes
260 914 423 1001 effundi,
452 910 646 988 semensas
671 911 827 1008 ipsorum
853 911 1039 1010 subverti?
1093 912 1251 1011 Quando

189 1019 279 1090 item
300 1034 377 1090 non
395 1011 496 1102 sunt,
523 1016 582 1106 qui
608 1029 847 1110 mercatorum
877 1011 980 1086 mo're
1000 1014 1164 1088 vendunt
1184 1014 1249 1088 bo·
1301 1012 1305 1021 '

144 1183 154 1208 ,
189 1127 279 1207 ves,
307 1135 397 1206 quos
422 1115 587 1205 oportuit
614 1111 751 1188 servare
776 1113 818 1185 ad
844 1129 1020 1204 aratrum,
1048 1126 1088 1184 ut
1111 1107 1247 1203 injectis

190 1215 235 1288 ad
253 1212 362 1305 ipsum
383 1215 562 1300 manibus,
590 1233 658 1288 nec
679 1212 722 1286 ad
744 1210 1148 1306 posterioraeonversr,
1171 1232 1250 1309 reg·

190 1336 242 1388 no
262 1313 328 1387 Dei
346 1313 412 1389 sant
431 1311 534 1406 apti?
575 1310 645 1387 Sed
662 1317 806 1404 quaudo
826 1333 901 1386 non
919 1310 999 1386 suut
1016 1310 1250 1407 preferentes

190 1433 428 1488 mammonam
441 1414 635 1505 iniquitatis
653 1414 805 1505 ovibus,
824 1433 901 1507 quae
919 1412 999 1507 ipsas
1016 1407 1258 1494 materiamse‘

192 1514 344 1587 ornandi
367 1510 557 1608 prebent?
607 1511 699 1586 Stant
725 1513 830 1585 etiam
847 1513 1087 1609 complures,
1102 1511 1162 1601 qui
1184 1509 1250 1594 lin,-

190 1616 377 1686 ceritatem
402 1612 434 1686 dr
457 1612 647 1707 puritatem
669 1613 843 1706 privatam
868 1614 965 1686 omni
991 1609 1251 1704 amaritudine,

191 1713 225 1785 dr
246 1713 305 1785 bili
323 1710 511 1805 spernant,
531 1713 638 1786 etiam
656 1711 744 1785 lucri
763 1710 915 1785 infelicis
933 1709 1033 1785 causa
1051 1711 1251 1808 prodentes
1332 1753 1334 1762 =

192 1811 410 1906 diligentiam
437 1830 587 1902 eorum,
614 1812 673 1903 qui
700 1815 844 1903 tropice
870 1809 1047 1885 columbae
1071 1807 1252 1886 dicuntur.

194 1910 285 1984 Cum
303 1910 407 2005 igitur
424 1910 559 2005 reperit
573 1906 747 1984 Servatur
764 1912 803 1984 in
820 1910 981 2004 templo,
1007 1909 1105 2001 quud
1123 1905 1173 1982 est
1189 1905 1255 1992 do?

194 2030 272 2083 mus
299 2008 431 2101 PatrIs,
457 2008 658 2083 vendentes
687 2008 828 2099 boves,
856 2007 889 2082 a·
917 2029 1030 2099 oves,
1056 2007 1254 2090 &colurne
1334 2087 1336 2092 ,

193 2111 275 2194 bas,
302 2103 551 2204 &mensarios
580 2104 763 2202 sedentes,
792 2110 939 2202 expellit
963 2109 1066 2189 illos,
1091 2106 1171 2183 usus
1194 2105 1255 2183 fla·
1298 2177 1312 2196 x

194 2210 292 2303 gello
311 2229 331 2280 e
351 2208 517 2283 funiculis
539 2205 608 2284 ase
629 2206 739 2301 facia,
766 2230 936 2284 unacum
960 2207 1093 2283 ovibus
1120 2207 1256 2286 bobus·

194 2329 265 2398 que
287 2308 494 2401 venalibus,
520 2308 676 2402 ipsorum
700 2310 806 2405 etiam
825 2310 995 2402 pecunias
1018 2322 1256 2405 congregatas

194 2406 408 2500 effundens,
433 2419 599 2498 tanquam
618 2409 800 2503 indignas,
825 2419 904 2500 quae
918 2407 1016 2483 srmul
1031 2420 1258 2500 tenerentur,

193 2511 232 2584 dr
252 2507 400 2601 ipsarum
419 2507 648 2581 inutilitatem
666 2504 870 2583 ostendens.
921 2504 1107 2583 Subvertit
1126 2509 1257 2589 etiarn,

195 2629 272 2699 quae
295 2609 332 2680 in
351 2625 543 2681 avarorum
559 2608 823 2698 enormioris,
850 2601 1007 2697 mensas,
1032 2606 1155 2683 dicens
1177 2606 1257 2701 his,

194 2707 253 2799 qui
290 2706 474 2779 columbas
510 2705 743 2780 vendebant:
795 2705 931 2796 Auferre
966 2705 1022 2800 ista
1063 2707 1167 2786 irinc,
1209 2722 1291 2792 ne,

194 2803 401 2901 posthacin
426 2806 565 2896 templo
596 2802 664 2877 Dei
694 2803 905 2880 vendantur.
959 2801 1133 2878 Arbitror
1162 2822 1258 2891 vere

195 2925 266 2999 ego
289 2902 406 2997 Jesum
431 2903 541 2997 ipsum
565 2901 710 2978 edidille
727 2902 847 3000 signa,
869 2924 933 2997 per
951 2926 1015 2994 ea,
1041 2924 1118 2996 quae
1145 2903 1258 3001 diuite

196 3003 435 3101 profundius,
454 3015 496 3076 ut
512 3024 580 3077 nos
595 3000 874 3100 intelligeremus
893 3000 1076 3101 significari
1091 3022 1155 3097 per
1167 3002 1258 3089 haec,¹
1280 3060 1285 3065 .

197 3104 296 3195 quod
313 3123 388 3176 non
406 3102 555 3196 amplius
572 3102 609 3175 in
625 3099 806 3196 posterum
816 3100 1060 3196 perficiendus
1079 3101 1166 3176 effet
1186 3102 1260 3177 cul·

197 3219 256 3276 tus
283 3224 301 3275 a
327 3201 569 3276 sacerdotibus
591 3203 629 3275 in
651 3204 790 3296 templo
814 3202 901 3296 illo,
923 3204 1026 3298 juxta
1052 3204 1178 3276 cultus
1196 3202 1259 3276 sub

186 3301 332 3376 ‘sensum
350 3302 540 3392 cadentes,
567 3321 685 3392 neque
704 3304 818 3397 legem
842 3304 975 3377 servari
992 3298 1091 3395 polle
1108 3303 1263 3395 amplius.

197 3401 419 3490 constanter,
433 3397 554 3477 saltem
567 3415 608 3480 ut
620 3403 797 3475 volebant
812 3404 1020 3495 corporales
1035 3401 1157 3496 Judaei.
1184 3397 1261 3473 Ne·

199 3522 271 3592 que
285 3505 378 3574 enim
394 3502 597 3593 expellente
615 3498 696 3596 Jesu
714 3502 830 3574 boves
849 3501 1012 3589 &ovem
1035 3501 1260 3594 jubenteque

144 3670 147 3675 .
200 3601 286 3677 inde
314 3599 440 3676 auferri
463 3601 669 3690 columbas,
695 3600 855 3675 futurum
875 3613 972 3683 erat,
997 3615 1038 3672 ut
1053 3600 1089 3671 in
1107 3601 1260 3674 multum

200 3701 377 3792 temporis
399 3701 669 3772 immolarentur
690 3702 810 3776 bove's
829 3699 862 3771 dr
882 3719 974 3772 oves
1000 3699 1034 3771 dr
1060 3699 1261 3790 columbam

157 3857 168 3868 .
195 3804 302 3898 'juxta
318 3798 520 3892 Judaeorum
540 3818 690 3873 morem.
741 3797 834 3871 Fieri
855 3799 949 3873 enim
965 3796 1109 3891 potest,
1135 3809 1177 3870 ut
1195 3819 1263 3872 nu·

156 3944 159 3949 ·
204 3903 383 3977 mismata.
412 3919 488 3987 quae
501 3895 619 3994 ligure
637 3896 717 3971 sunt
734 3901 983 3974 numismatum
1004 3899 1263 3991 corporalium,

155 4015 158 4021 '
205 4000 337 4083 &nou
351 4000 558 4079 habentium
573 3998 646 4077 Dei
663 3998 794 4075 formas
808 3996 843 4073 dr
857 3996 1097 4096 imprelliones
1110 4040 1126 4085 ‚-
1150 3994 1265 4074 effun-

283 4155 287 4158 ·
650 4180 655 4185 ,
682 4095 740 4179 if
763 4120 789 4198 4
999 4134 1002 4143 =
1077 4097 1252 4200 bantus·x
