2817 4575
339 312 407 390 ru
444 255 734 409 senune-nr
769 305 981 384 Tunius.
1009 303 1068 385 v:
1158 332 1230 415 2³9

162 480 330 558 monitor
344 472 430 552 esses
452 473 486 548 ἀ
507 473 640 548 laboris
657 468 828 561 exram,
860 470 1019 566 postulas
1037 473 1165 570 etiem,
1179 493 1259 555 ut»-
1283 547 1285 554 ,
1311 491 1314 500 ·

162 601 236 676 pro
255 598 339 653 meo
356 579 394 652 in
414 590 452 664 te
465 571 736 668 officim-multe
753 573 954 648 elaborem:
980 595 1050 672 ego
1068 577 1232 659 laborem

164 678 357 776 fugiens&
375 696 421 750 eo
442 676 604 769 periculo
622 669 884 766 circumsessus,
912 676 1010 766 quod
1028 700 1046 749 a
1065 677 1151 751 Deo
1166 683 1233 755 irn-
1317 767 1319 772 ¹

166 778 306 875 pendet
325 777 389 869 iis,
418 779 476 867 qui
495 771 782 869 adscribendum
798 773 836 846 in
858 775 995 847 divinas
1016 777 1137 852 literas
1149 776 1232 869 „sese

167 871 433 968 contulerunt,
459 875 650 968 Scripturae
674 874 881 967 patrocinio
907 876 1000 948 tueri
1025 897 1083 951 me
1107 880 1233 971 poffinr

165 981 303 1054 multos
327 978 440 1049 libros
461 974 614 1048 scribere
633 970 809 1048 recusans.
856 973 920 1046 Sic
933 977 1028 1049 enirn
1051 978 1087 1050 in
1106 978 1233 1055 Eccle·

165 1078 267 1152 fiaste
292 1078 491 1150 solomon:
526 1077 594 1146 Fili
611 1079 677 1166 mi,
702 1098 779 1145 cave
800 1090 838 1145 ur
855 1078 971 1148 multos
987 1078 1083 1148 libros
1100 1084 1235 1172 conscri-

168 1185 246 1252 bar:
272 1201 338 1248 non
358 1178 398 1274 est
414 1178 517 1267 finis,
543 1175 584 1252 (ὅ
604 1175 707 1246 musra
724 1176 893 1249 ,meditatio
914 1183 1023 1247 cornis
1047 1178 1234 1273 defetigatio

168 1280 222 1377 ιβ.
274 1277 357 1350 Nos
381 1278 494 1363 eninr,
520 1276 581 1350 nisi
604 1274 738 1350 sensum
757 1275 973 1370 abstrusum,
1000 1271 1158 1352 &nobis
1176 1282 1235 1354 ad·

167 1381 243 1453 huc
261 1377 451 1451 obscurum
466 1375 650 1470 proposita
666 1377 726 1448 illa
741 1373 950 1449 Solomonis
970 1379 1076 1451 hebet
1094 1378 1236 1456 senten·

172 1480 246 1569 tia,
272 1490 492 1570 preceptum
510 1479 546 1548 id
564 1477 710 1569 penitus
728 1475 980 1573 perfregimus,
1006 1480 1067 1571 qui
1084 1500 1161 1554 non
1178 1501 1236 1555 ca·

169 1582 290 1653 vimus
306 1597 352 1650 ne
368 1579 502 1651 multos
520 1578 633 1649 libros
651 1571 927 1652 conficeremus.

168 1740 319 1826 Deinde,
341 1737 498 1835 postquam
518 1738 605 1808 dixit
629 1734 649 1831 (
661 1737 838 1834 Origenes)
854 1739 887 1829 se
908 1742 1075 1812 volumina
1097 1759 1236 1840 quotuor

278 1846 317 1920 in
332 1860 433 1937 peuce
453 1840 627 1931 Evangelii
645 1838 743 1909 verba
761 1838 936 1932 obsolefie,
962 1845 1119 1938 adjungit.
1213 1867 1216 1872 ·

155 2035 159 2044 .
247 2002 282 2058 2.
308 1980 494 2078 Quantum
507 1980 601 2055 enim
619 1998 665 2062 ex
679 1976 752 2073 ipsa
767 1978 925 2055 disiione
939 1983 1119 2073 conjicere
1134 1986 1238 2082 licet,
1296 2027 1302 2036 -

170 2082 247 2157 duo
267 2075 508 2178 significantur
534 2081 588 2154 his
616 2079 756 2153 verbis:
786 2080 853 2152 Fili
867 2087 932 2174 mi,
960 2106 1035 2152 cave
1058 2101 1094 2154 ur
1120 2088 1237 2159 mulsos

171 2184 270 2256 libros
290 2183 452 2272 conficias.-
477 2180 629 2276 primunr
649 2179 822 2272 quidem,
854 2201 931 2255 uon
953 2181 1023 2257 effe
1048 2184 1238 2260 habendos
1323 2221 1325 2228 ·

170 2285 310 2362 multos
325 2282 458 2375 libros,
487 2282 657 2375 alterum,
678 2278 844 2364 nonesse
861 2283 995 2357 multos
1014 2304 1242 2379 componens
1298 2305 1307 2324 ³

173 2388 265 2459 dos:
298 2382 333 2455 δι
360 2383 422 2455 nisi
447 2384 622 2476 primum,
646 2384 751 2475 plane
775 2381 988 2474 secundum3
1015 2384 1039 2458 si
1067 2406 1161 2459 vero
1186 2388 1240 2462 se·
1288 2430 1291 2435 ,

173 2484 349 2569 cundum,
375 2503 453 2555 non
479 2482 632 2576 primum
662 2483 847 2555 omninoz.
868 2499 1104 2576 preterquam
1136 2488 1238 2578 quod
1272 2538 1275 2565 ³

170 2588 342 2674 utrinque
364 2582 487 2656 doceri
508 2583 672 2656 videmur
698 2603 775 2656 non
799 2581 870 2656 eise
897 2587 1102 2678 complures
1125 2587 1241 2663 libror

173 2681 439 2759 conficiendos.
487 2680 654 2757 Poteram
673 2699 791 2755 autem
810 2682 919 2776 adid,
936 2685 1034 2777 quod
1054 2690 1161 2762 nobis
1176 2685 1239 2762 sub
1334 2715 1336 2731 1

174 2786 290 2861 eciem
306 2780 477 2857 sermonis
496 2783 621 2860 venit,
644 2780 904 2872 adhaerescens,
932 2784 1028 2857 edre
1046 2784 1240 2880 Scripturae

176 2882 308 2959 distem
332 2882 570 2958 excusationis
601 2883 687 2956 loco
713 2883 879 2973 mittere,
906 2881 1175 2960 &confirmata
1199 2882 1243 2962 r&

176 3007 223 3060 ex
245 3005 316 3077 eo,
342 2984 442 3076 quod
465 3001 584 3072 neque
603 2981 708 3056 sancii
726 2985 923 3057 multorum
941 2985 1114 3069 librorum
1141 2996 1247 3061 com*

174 3084 351 3183 positioni
377 3083 603 3177 studuerint,
641 3083 800 3158 desinere
829 3085 999 3178 deinceps
1028 3084 1245 3184 subjungere
1295 3156 1298 3162 .

175 3187 458 3261 commentarios
484 3184 588 3275 juxta
617 3183 733 3273 foedus
761 3184 950 3261 internos
975 3187 1176 3265 initumed
1205 3202 1246 3287 te

176 3285 498 3372 transmittendos3
534 3283 568 3355 &
595 3294 635 3356 tu
662 3281 807 3357 fortasse
834 3285 899 3357 illo
926 3284 1026 3360 disio
1049 3286 1244 3381 Scriptura

176 3397 386 3462 commotus
403 3384 438 3456 id
454 3382 540 3458 rnihi
558 3383 594 3455 in
611 3379 794 3476 posterum
813 3383 1054 3462 concessisses:
1079 3386 1137 3461 sed
1154 3392 1246 3478 quo·'

176 3490 274 3563 niam
289 3483 479 3577 Scripturae
493 3501 574 3556 curn
588 3480 685 3555 reste
706 3499 828 3557 mente
847 3485 881 3559 ἂ
897 3484 1116 3560 conscientia
1136 3488 1249 3564 excul

176 3586 309 3662 tiendae
327 3581 428 3678 suot,
453 3603 523 3656 nec
540 3598 676 3656 temere
688 3584 914 3681 gaudendum
935 3587 1028 3676 quas
1057 3608 1116 3660 eas
1141 3590 1249 3662 intel«

178 3688 268 3784 liges
282 3706 330 3760 ex
345 3703 416 3779 eo,
442 3684 541 3775 quod
559 3684 692 3759 nudam
709 3683 899 3767 difflouem
918 3693 1142 3782 perceperis,
1167 3710 1249 3767 reru

178 3806 256 3862 non
275 3786 447 3880 prolatu,
472 3802 560 3868 nec,
587 3805 665 3875 quae
683 3784 768 3856 mihi
789 3784 935 3857 viderur
957 3783 1251 3882 suffrageri„„d‚e-.

179 3886 379 3961 sensionem
396 3878 522 3977 affero,
549 3904 618 3974 qua
634 3885 685 3959 uti
703 3897 832 3957 contra
851 3904 909 3957 rne
928 3883 1048 3978 possis,
1073 3889 1246 3983 sspraeter

178 3985 322 4083 pasiurn
339 3981 470 4074 aliquid
489 3981 625 4061 secero.
665 3983 722 4057 Ac
741 3986 892 4079 primun
911 3985 1076 4083 quidem,
1100 3989 1250 4157 qun&

342 4132 347 4141 .
520 4100 525 4111 “
758 4110 760 4115 ·
1135 4107 1155 4153 Χ
