2817 4575
173 389 177 402 ·
269 295 1017 475 'rnlonunemrolrusn
1144 389 1193 494 ⁹².
1310 450 1313 456 ,

206 523 272 630 3αζ
291 532 464 609 Attamen
482 533 621 606 nechis
647 530 815 605 omnibus
833 528 1016 607 manifeste
1032 530 1109 607 Filii
1126 554 1194 610 no·
1250 618 1254 633 ,

131 636 253 712 bilitas
270 634 451 723 dedatur,
476 631 534 707 sed
553 650 648 721 tum,
668 652 769 705 cum:
799 634 905 704 lilius
920 657 1002 703 meus
1017 660 1046 703 es
1064 651 1122 730 ru,
1143 641 1194 731 ege

133 739 223 812 lodie
237 740 332 830 genui
352 753 402 823 re,
431 735 561 806 dicitur
577 733 619 805 ad
635 734 733 805 illum
749 755 766 804 a
784 730 893 825 Deo,
921 736 976 806 cui
993 732 1129 830 semper
1142 736 1197 818 est
1276 776 1278 781 ·

132 837 266 929 hodie,
290 855 408 926 neque
434 836 528 916 enim
550 833 601 908 est
629 830 778 925 vespera
800 831 895 925 Dei,
920 855 1037 926 neque
1065 858 1170 914 mane

132 957 217 1012 meo
236 935 380 1028 quidem
392 934 550 1028 judicio,
569 930 625 1007 sed
643 945 808 1025 tempus,
826 945 868 1006 ut
881 936 929 1007 ita
942 934 1078 1025 dicam,
1095 892 1197 1013 simui

133 1036 166 1112 se
190 1036 392 1110 extendens
413 1053 497 1108 'cum
517 1035 576 1106 illa
594 1031 698 1128 ipsius
720 1034 900 1128 ingenita,
927 1031 961 1105 δι
982 1033 1196 1128 sempiterni

85 1145 87 1156 '
134 1139 208 1210 vita
221 1135 285 1230 ipsi
301 1136 376 1210 dieu
392 1133 443 1208 est
459 1135 593 1230 hodie,
618 1136 655 1208 in
671 1153 740 1224 qua
759 1135 899 1229 genitus
919 1132 970 1207 est
987 1132 1120 1225 Filius3
1146 1136 1195 1212 sle

132 1258 208 1312 non
230 1238 388 1312 invento
416 1234 564 1332 originis
589 1235 693 1330 ipsius
725 1234 928 1330 principio,
960 1233 1051 1309 sicut
1077 1256 1197 1330 neque

85 1333 214 1488 ΝΜ
290 1431 356 1508 rr
476 1431 520 1507 ud
571 1432 592 1505 d
691 1338 819 1506 Μ
923 1432 993 1505 d·
1189 1407 1196 1426 '

85 1499 91 1610 l
134 1454 439 1612 mod3o³⁸sil¹i¹utslps1etr
450 1452 653 1609 {alitisenvelrxr}¹
670 1454 689 1504 e
706 1453 1198 1629 Aelsprglfleaefilolaoncuspesslslpoi·

85 1615 89 1674 ³
135 1655 244 1710 cuum
258 1637 328 1709 erit
342 1636 407 1725 lie,
435 1638 516 1729 qui,
544 1645 585 1705 ut
605 1634 750 1729 dignum
769 1632 819 1707 est
837 1635 1052 1731 prophetica
1070 1638 1198 1733 gratim
1306 1685 1308 1690 -

135 1737 340 1830 intelligunt
357 1735 462 1808 illud:
495 1738 617 1807 Vinum
635 1737 775 1824 latificat
792 1759 843 1806 cor
862 1737 1010 1811 hominu,
1062 1733 1198 1816 Namss
1236 1763 1238 1768 ’
1266 1743 1268 1748 ’

137 1856 200 1909 cor
212 1834 265 1909 est
277 1823 500 1931 intelligendi
516 1833 682 1926 facultas,
696 1831 876 1927 ipsamque
894 1833 1052 1910 laetificat
1068 1836 1201 1933 sermo,

91 1939 95 1944 ’
136 1936 287 2013 maxime
304 1935 498 2030 potabilis,
525 1935 860 2008 abducensarebus
879 1935 1060 2030 humanis,
1089 1936 1199 2012 defu·

137 2057 216 2109 rere
234 2035 392 2126 faciens,
421 2035 453 2105 di
477 2036 615 2109 ebrium
638 2030 707 2108 else
731 2034 930 2125 ebrietate,
956 2056 1031 2109 non
1055 2057 1098 2110 ea
1124 2037 1200 2130 qui·
1269 2067 1272 2071 ·

137 2137 238 2216 dem,
255 2155 334 2228 qnae
351 2134 402 2209 est
417 2135 529 2209 aliena
546 2155 564 2208 a
580 2135 744 2225 ratione,
758 2131 816 2209 sed
836 2134 980 2228 divina,
1005 2155 1073 2228 qua
1091 2125 1200 2216 etiam

137 2234 272 2335 Joseph
289 2233 444 2329 iratres,
462 2250 631 2328 utputo,
649 2235 770 2308 ebrios
785 2232 896 2324 sacit3
923 2237 1053 2310 merito
1070 2239 1120 2329 is,
1137 2237 1202 2333 qul

85 2366 88 2371 ·
138 2342 264 2411 vinum
289 2356 355 2413 cor
376 2336 533 2411 hominis
555 2333 739 2410 letificans
763 2332 889 2423 affert,
917 2334 969 2411 est
990 2339 1075 2410 vitis
1095 2359 1204 2417 vernt
1297 2344 1323 2433 j

85 2482 88 2487 ·
138 2440 186 2513 ob
205 2437 302 2511 hane
320 2435 456 2511 eausam
477 2457 582 2528 vera,
609 2436 707 2529 quod
731 2454 894 2511 racemos
918 2438 1050 2510 habeat
1070 2440 1205 2517 verita
1296 2470 1300 2479 ¹

85 2536 87 2545 '
137 2551 234 2629 tem,
263 2534 472 2628 &palmites
492 2533 704 2629 discipulos,
730 2534 779 2609 sui
801 2535 1024 2627 imitatores,
1052 2536 1205 2639 &ipsoe

138 2634 395 2711 uuttlflcantes
413 2637 614 2710 veritatem.
651 2630 808 2710 Difficile
826 2650 944 2711 autem
965 2634 1015 2709 est
1034 2637 1204 2713 differen-

138 2740 223 2810 tiam
248 2754 459 2833 proponere
485 2736 586 2828 panis
615 2734 648 2810 dr
673 2735 781 2820 vitia,
809 2736 1097 2828 quandoquidem
1124 2758 1203 2815 non

140 2839 251 2911 vitem
274 2850 436 2927 tantum,
462 2833 520 2907 sed
541 2837 646 2908 etiam
666 2855 796 2927 panem
816 2835 901 2909 vitae
914 2833 1061 2928 seipsum
1083 2840 1207 2934 appel·

140 2939 200 3013 lat.
253 2934 410 3013 Proinde
424 2939 507 3011 vide
528 2934 692 3013 neforto
712 2935 1010 3027 quemadmodum
1025 2941 1126 3030 panis
1140 2958 1208 3015 nu-

139 3038 227 3127 trit,
253 3035 287 3111 ἃ
305 3041 563 3143 coproborat,
585 3032 802 3110 confirmare
817 3054 886 3108 cor
903 3035 1058 3110 hominis
1076 3037 1207 3135 dicius,

141 3136 324 3212 &vinum
349 3133 510 3209 letificat
535 3132 740 3210 diffundens
762 3135 917 3211 animum
939 3149 1046 3227 atque
1071 3139 1221 3225 exhila*

140 3254 248 3318 rans,
279 3233 328 3311 fic
353 3233 545 3328 discipline
566 3230 746 3329 morales,
774 3255 851 3326 quae
877 3234 990 3312 vitam
1016 3241 1207 3329 acquirunt

85 3358 88 3433 j
142 3356 202 3429 eur
221 3332 412 3409 addiscenti
432 3349 539 3425 atque
553 3336 735 3428 operanti,
751 3337 851 3430 panis
866 3335 1006 3426 quidem
1024 3337 1089 3411 sint
1106 3340 1206 3432 vite,

85 3446 87 3457 '
141 3457 219 3516 non
248 3447 366 3511 tamen
383 3434 521 3528 stulius
544 3437 629 3507 vitis
653 3436 839 3524 dicantur;
866 3436 1090 3510 theoremata
1111 3460 1206 3516 vero

144 3533 322 3635 orcanae&
338 3533 505 3630 mystica,
526 3532 744 3610 laetislcantiu
761 3549 868 3627 atque
884 3538 1031 3610 numine
1049 3542 1206 3618 animum
1282 3584 1284 3589 ·

144 3634 320 3727 afflantia,
348 3656 426 3727 quae
443 3636 697 3731 ingenerantur
713 3636 830 3726 indis,
855 3635 916 3727 qui
930 3635 1209 3717 oblefiianturin

85 3744 93 3843 ι
144 3732 335 3832 Domino,
362 3756 437 3808 non
455 3735 567 3811 solum
583 3736 732 3828 nutriri,
758 3754 887 3810 verum
911 3737 1017 3810 etiam
1037 3741 1208 3815 obledleri

147 3834 422 3932 desiderantea3·
448 3836 572 3913 vinum
597 3853 780 3913 vocentur
809 3859 829 3913 a
857 3854 945 3911 vera
971 3838 1049 3913 vite
1077 3862 1209 3937 perve·
1298 3890 1301 3901 ·

143 3938 291 4018 olentia.
1205 3952 1207 3957 ·

85 4056 89 4097 l

1068 4146 1165 4265 [nee
1190 4260 1194 4285 Ι
