2817 4575
323 352 391 433 ru
425 349 723 452 torqueor
758 352 972 434 ‘sonos
1003 357 1031 436 r.
1160 381 1205 462 35
1294 431 1296 436 ,

137 516 289 596 sublime
312 518 553 608 melioresque
569 516 697 592 reddat
719 537 785 609 per
810 517 1063 608 Christianismi
1084 523 1118 598 in
1141 544 1204 600 oe.-

138 623 244 695 culto
263 615 444 708 existentis
462 617 578 713 legem
595 638 683 711 eoa,
711 619 770 710 qui
791 622 1009 714 exteriorem
1030 621 1202 720 Christia-

137 724 294 814 nismum
316 714 519 811 sequuntur.
570 716 676 791 Hanc
701 721 751 792 ob
773 718 932 811 causam,
961 735 1035 796 turn
1054 717 1198 820 spirito,

134 835 214 894 turn
232 817 390 913 corpo're
408 813 594 892 Christiani
609 829 649 889 ut
663 815 766 890 simus
784 817 923 894 necesse
939 817 1012 912 est',
1039 821 1071 892 δι
1091 825 1197 913 quan·-

135 919 189 994 do·
199 920 392 1011 corporale
406 912 641 1013 Euangeiium
659 917 920 1008 predicandum
939 917 1012 1014 est,
1039 920 1196 998 dicendo

135 1019 347 1092 carnalibus·
362 1014 451 1090 nihil
476 1035 545 1089 nos
569 1015 680 1107 scire5
707 1015 771 1090 nisi
797 1017 914 1113 Jesurn
936 1017 1133 1108 Christum,
1160 1023 1196 1096 la

133 1117 234 1195 hunc
259 1111 488 1198 crucifixura,
514 1120 587 1190 hoc
610 1115 813 1207 iaciendum
839 1117 900 1192 eit
959 1116 1048 1192 Corn
1075 1137 1194 1204 autem

85 1239 108 1304 ,“
133 1218 275 1293 inventi
294 1216 428 1291 fuerint
454 1217 586 1291 elevati
610 1213 754 1311 spiritu,
781 1216 868 1290 &in
884 1215 1193 1321 ipsolfrultificang

133 1332 186 1392 tea
203 1333 436 1408 amantesque
459 1313 636 1408 sapientie
658 1314 830 1409 coelestis,
859 1319 893 1391 hi
911 1320 1103 1414 participer
1122 1313 1193 1394 effi·
1277 1351 1282 1358 ’

133 1417 250 1492 ciendi
267 1414 347 1490 sunt
366 1416 491 1508 verbi,
513 1412 624 1489 &filii
639 1413 709 1494 Dei
726 1415 863 1512 regreffi
879 1413 1193 1510 post'iocarnatiok'

85 1551 87 1556 ·
132 1535 214 1592 nem
231 1515 275 1589 ad
293 1515 330 1589 id
345 1515 444 1608 quod
461 1531 538 1589 erat
558 1517 594 1588 in
613 1515 792 1609 principio
811 1518 903 1611 apud
923 1517 1051 1591 Deum.
1161 1529 1189 1564 ·⁵

207 1635 265 1690 10.
292 1614 470 1688 Ceterum
485 1616 562 1688 haec
577 1615 671 1687 haud
685 1611 811 1687 frustra
829 1638 897 1691 nos
912 1614 1101 1690 disserui-sse
1119 1619 1191 1708 exi:

129 1714 328 1802 sumamus,
356 1712 543 1809 Evangelii
571 1713 704 1787 sensum
729 1731 897 1790 accurate
921 1716 1191 1815 investigantes,

129 1817 163 1890 ἃ
185 1814 425 1914 Euangeliurn
451 1813 609 1888 sensibile
625 1816 668 1886 ab
686 1809 886 1910 Evangelio
905 1817 1118 1913 intelligibili
1142 1819 1192 1902 se:

132 1930 332 2010 parantes.¹
363 1909 507 2010 Etenim
535 1932 633 1985 nunc
660 1914 767 1984 nobis
800 1913 1021 2007 propositum
1056 1915 1124 2000 est,
1149 1934 1190 2008 ut

89 2001 94 2094 ὖ
130 2013 367 2113 Euangeliurn
384 2011 542 2085 senfibile
560 2028 837 2086 transmutemur
860 2013 1133 2106 inintelligibile
1156 2003 1190 2091 ti

89 2103 94 2184 i
128 2113 331 2208 'spirituale3¹
357 2111 491 2204 alioqui
507 2134 584 2204 quae
599 2111 779 2185 enarratio
798 2115 866 2186 erit
883 2111 1070 2208 Evangelii
1091 2115 1189 2190 sensi:

91 2235 94 2240 ·
130 2216 234 2307 iilia,
251 2215 316 2289 nisr
331 2215 688 2286 a'ccomrnodeturad
702 2213 971 2307 intelligibile&
991 2213 1189 2306 spirituale?

93 2356 96 2387 l
131 2312 239 2391 Nulla
257 2318 338 2389 lane
359 2315 417 2412 vei
431 2315 582 2408 exigua,
608 2332 721 2402 eaque
735 2314 955 2406 uulgarium,¹
972 2318 1031 2406 qui
1049 2337 1093 2388 ex
1110 2336 1190 2391 ver·

93 2428 96 2433 ’
132 2414 275 2507 biaipsra
294 2412 533 2503 violentum,
561 2431 639 2504 quae
654 2409 898 2494 declarantur,
925 2416 1111 2505 percipere
1129 2416 1190 2497 sibi

131 2513 361 2608 persuadent.¹
402 2504 542 2585 Verum
563 2525 649 2614 totq
666 2516 861 2585 contentio
882 2510 1002 2586 nostra
1020 2534 1066 2585 eo
1083 2507 1190 2615 nobis¹

133 2614 311 2710 dirigenda
328 2608 399 2705 est,
426 2616 467 2683 ut
484 2611 687 2707 pertingere
709 2630 883 2683 conemur
907 2604 1190 2704 profunditateni

132 2709 248 2787 sensus
275 2711 506 2807 Evangelio,
539 2713 738 2783 accuratius
762 2709 971 2806 indagantes
1000 2714 1191 2790 veritatem

133 2810 262 2909 inipso
277 2810 396 2909 liguris
411 2809 553 2885 nudam.
604 2810 729 2901 Atque
743 2811 907 2900 equidem
927 2810 951 2883 sr
967 2813 1192 2888 considerem

96 2896 100 2933 ¹
133 2926 186 2985 tur
208 2935 276 3003 ea,
289 2931 381 3004 que
402 2911 661 2983 annuntiantur
681 2910 719 2981 in
742 2910 924 2984 bonorum
942 2909 1191 3005 promiffionei

95 2946 101 3117 Ι
131 3011 299 3109 Apostoli
317 3010 459 3103 quidem
473 3008 589 3107 jesum
607 3010 822 3102 predicant3
850 3011 1188 3107 dicuntur-quidem,-

93 3130 98 3195 l
131 3132 196 3187 reu
219 3107 696 3189 bonum-resurretionem
723 3112 828 3181 etiarn
859 3113 1084 3193 annuntiare,
1111 3122 1189 3204 quoi

92 3222 98 3367 l
127 3204 1190 3405 litli‘llliliifill’slilieillnltili:

128 3404 259 3507 gelizat
271 3404 507 3502 paoperibus,
521 3409 720 3481 cohortans
739 3427 804 3479 eos
820 3411 862 3479 ad
876 3405 998 3481 divina
1013 3409 1189 3504 promilla.

130 3514 273 3613 Quibus
295 3505 375 3582 sane
399 3509 503 3580 bonis
527 3506 879 3590 annuntiationibus,
905 3512 967 3581 uel
993 3509 1189 3601 Apostoio·
1245 3597 1255 3617 x

129 3628 206 3685 torn
227 3610 294 3683 -vel
318 3604 522 3681 servatoris
550 3605 681 3691 nostri,
710 3606 839 3680 divino
858 3627 1002 3699 quoque
1025 3611 1191 3684 attestan-

128 3724 186 3783 tur
208 3706 427 3802 Scripturaea
463 3704 582 3779 David
610 3704 704 3780 enim
732 3708 777 3777 de
804 3705 1012 3801 Apostolia,
1038 3708 1190 3786 fortassia
1285 3730 1288 3737 ’

130 3812 235 3885 etiam
251 3809 299 3883 de
318 3804 554 3902 Euangelistis
571 3803 637 3879 ait:
667 3812 829 3877 Dominus
844 3808 934 3887 dabir
948 3808 1080 3878 uerbum
1094 3834 1193 3882 evan·

128 3910 348 4004 geliuntibur
373 3912 502 3981 virtute
527 3908 652 3975 multat
677 3930 733 3977 rex
754 3909 917 3975 virtutum
938 3907 1067 3994 alletia-
1092 3907 1193 3984 simul

87 4026 93 4079 r
131 4004 1207 4102 ao'amdecennemcompositionemverbotunqnon'oxo·

85 4108 88 4117 '
187 4150 196 4161 ·
622 4100 703 4184 Co
985 4107 1183 4188 latleoeua
1228 4196 1231 4201 ¹
