<?xml version="1.0" encoding="UTF-8"?>
<!DOCTYPE html PUBLIC "-//W3C//DTD XHTML 1.0 Transitional//EN"
    "http://www.w3.org/TR/xhtml1/DTD/xhtml1-transitional.dtd">
<html xmlns="http://www.w3.org/1999/xhtml" xml:lang="en" lang="en">
 <head>
  <title>
</title>
<meta http-equiv="Content-Type" content="text/html;charset=utf-8" />
  <meta name='ocr-system' content='tesseract 3.04.00' />
  <meta name='ocr-capabilities' content='ocr_page ocr_carea ocr_par ocr_line ocrx_word'/>
</head>
<body>
  <div class='ocr_page' id='page_1' title='image "./operaomniasanct07unkngoog_0299.png"; bbox 0 0 2817 4575; ppageno 0'>
   <div class='ocr_carea' id='block_1_1' title="bbox 328 285 1252 481">
    <p class='ocr_par' dir='ltr' id='par_1_1' title="bbox 328 285 1252 481">
     <span class='ocr_line' id='line_1_1' title="bbox 328 285 1252 481; baseline 0 -49"><span class='ocrx_word' id='word_1_1' title='bbox 328 354 394 432; x_wconf 82' lang='lat' dir='ltr'>nv</span> <span class='ocrx_word' id='word_1_2' title='bbox 425 345 722 481; x_wconf 81' lang='lat' dir='ltr'>Jonnnnn</span> <span class='ocrx_word' id='word_1_3' title='bbox 759 285 970 432; x_wconf 78' lang='lat' dir='ltr'>tomus</span> <span class='ocrx_word' id='word_1_4' title='bbox 1006 347 1075 470; x_wconf 27' lang='lat' dir='ltr'>nl</span> <span class='ocrx_word' id='word_1_5' title='bbox 1145 293 1252 434; x_wconf 78' lang='lat'>221¹</span> 
     </span>
    </p>
   </div>
   <div class='ocr_carea' id='block_1_2' title="bbox 154 509 1333 1114">
    <p class='ocr_par' dir='ltr' id='par_1_2' title="bbox 154 509 1333 1114">
     <span class='ocr_line' id='line_1_2' title="bbox 154 509 1254 620; baseline -0.006 -23"><span class='ocrx_word' id='word_1_6' title='bbox 154 522 248 620; x_wconf 85' lang='lat' dir='ltr'>pulo</span> <span class='ocrx_word' id='word_1_7' title='bbox 267 518 358 608; x_wconf 83' lang='lat' dir='ltr'>fuit,</span> <span class='ocrx_word' id='word_1_8' title='bbox 384 517 538 590; x_wconf 85' lang='lat' dir='ltr'>veluti&#39;a</span> <span class='ocrx_word' id='word_1_9' title='bbox 552 516 637 587; x_wconf 91' lang='lat' dir='ltr'>Deo</span> <span class='ocrx_word' id='word_1_10' title='bbox 650 509 790 602; x_wconf 85' lang='lat' dir='ltr'>miilus,</span> <span class='ocrx_word' id='word_1_11' title='bbox 818 514 1004 602; x_wconf 90' lang='lat' dir='ltr'>quomodo</span> <span class='ocrx_word' id='word_1_12' title='bbox 1022 511 1147 606; x_wconf 86' lang='lat' dir='ltr'><strong>Mose,</strong></span> <span class='ocrx_word' id='word_1_13' title='bbox 1165 527 1218 590; x_wconf 86' lang='lat' dir='ltr'>at·</span> <span class='ocrx_word' id='word_1_14' title='bbox 1252 529 1254 533; x_wconf 78' lang='grc'>’</span> 
     </span>
     <span class='ocr_line' id='line_1_3' title="bbox 157 613 1217 714; baseline -0.005 -21"><span class='ocrx_word' id='word_1_15' title='bbox 157 644 230 714; x_wconf 88' lang='lat' dir='ltr'>que</span> <span class='ocrx_word' id='word_1_16' title='bbox 248 619 437 710; x_wconf 83' lang='lat' dir='ltr'>Prophetis</span> <span class='ocrx_word' id='word_1_17' title='bbox 459 613 680 708; x_wconf 79' lang='lat' dir='ltr'>prestantior</span> <span class='ocrx_word' id='word_1_18' title='bbox 696 633 773 684; x_wconf 92' lang='lat' dir='ltr'>non</span> <span class='ocrx_word' id='word_1_19' title='bbox 789 613 946 703; x_wconf 92' lang='lat' dir='ltr'>poterit,</span> <span class='ocrx_word' id='word_1_20' title='bbox 973 616 1107 707; x_wconf 81' lang='lat' dir='ltr'>absque</span> <span class='ocrx_word' id='word_1_21' title='bbox 1126 613 1217 688; x_wconf 89' lang='lat' dir='ltr'>Pro·</span> 
     </span>
     <span class='ocr_line' id='line_1_4' title="bbox 156 707 1218 822; baseline -0.006 -29"><span class='ocrx_word' id='word_1_22' title='bbox 156 707 284 822; x_wconf 80' lang='lat' dir='ltr'>phetis</span> <span class='ocrx_word' id='word_1_23' title='bbox 305 720 350 790; x_wconf 89' lang='lat' dir='ltr'>de</span> <span class='ocrx_word' id='word_1_24' title='bbox 375 707 486 810; x_wconf 81' lang='lat' dir='ltr'>seipso</span> <span class='ocrx_word' id='word_1_25' title='bbox 510 710 779 786; x_wconf 87' lang='lat' dir='ltr'>testificantibus</span> <span class='ocrx_word' id='word_1_26' title='bbox 807 709 967 802; x_wconf 84' lang='lat' dir='ltr'><strong>facilius,</strong></span> <span class='ocrx_word' id='word_1_27' title='bbox 1001 715 1098 804; x_wconf 92' lang='lat' dir='ltr'>qnod</span> <span class='ocrx_word' id='word_1_28' title='bbox 1126 715 1218 788; x_wconf 91' lang='lat' dir='ltr'>velit</span> 
     </span>
     <span class='ocr_line' id='line_1_5' title="bbox 157 811 1218 915; baseline -0.005 -24"><span class='ocrx_word' id='word_1_29' title='bbox 157 817 359 915; x_wconf 85' lang='lat' dir='ltr'>perlicere,</span> <span class='ocrx_word' id='word_1_30' title='bbox 387 815 420 887; x_wconf 76' lang='lat' dir='ltr'>a</span> <span class='ocrx_word' id='word_1_31' title='bbox 438 814 760 908; x_wconf 86' lang='lat' dir='ltr'>hominumgeneri</span> <span class='ocrx_word' id='word_1_32' title='bbox 776 812 987 912; x_wconf 84' lang='lat' dir='ltr'>adjumento</span> <span class='ocrx_word' id='word_1_33' title='bbox 1008 811 1120 886; x_wconf 76' lang='lat' dir='ltr'>enat</span> <span class='ocrx_word' id='word_1_34' title='bbox 1138 813 1218 886; x_wconf 80' lang='lat' dir='ltr'>¹Su·</span> 
     </span>
     <span class='ocr_line' id='line_1_6' title="bbox 159 907 1333 1016; baseline -0.004 -24"><span class='ocrx_word' id='word_1_35' title='bbox 159 918 335 1016; x_wconf 89' lang='lat' dir='ltr'>perfluum</span> <span class='ocrx_word' id='word_1_36' title='bbox 354 935 442 1010; x_wconf 84' lang='lat' dir='ltr'>ergo</span> <span class='ocrx_word' id='word_1_37' title='bbox 455 912 524 986; x_wconf 83' lang='lat' dir='ltr'>elle</span> <span class='ocrx_word' id='word_1_38' title='bbox 539 915 636 1004; x_wconf 85' lang='lat' dir='ltr'>ajunt</span> <span class='ocrx_word' id='word_1_39' title='bbox 651 911 872 1005; x_wconf 84' lang='lat' dir='ltr'>existimare,</span> <span class='ocrx_word' id='word_1_40' title='bbox 888 933 907 985; x_wconf 91' lang='lat' dir='ltr'>a</span> <span class='ocrx_word' id='word_1_41' title='bbox 925 907 1115 1007; x_wconf 85' lang='lat' dir='ltr'>Prophetis</span> <span class='ocrx_word' id='word_1_42' title='bbox 1134 933 1218 988; x_wconf 86' lang='lat' dir='ltr'>eum</span> <span class='ocrx_word' id='word_1_43' title='bbox 1330 995 1333 1008; x_wconf 36' lang='grc' dir='ltr'>Ι</span> 
     </span>
     <span class='ocr_line' id='line_1_7' title="bbox 160 1001 1223 1114; baseline -0.002 -25"><span class='ocrx_word' id='word_1_44' title='bbox 160 1017 443 1114; x_wconf 63' lang='lat' dir='ltr'>praenunciatum</span> <span class='ocrx_word' id='word_1_45' title='bbox 469 1012 597 1100; x_wconf 83' lang='lat' dir='ltr'>suillo,</span> <span class='ocrx_word' id='word_1_46' title='bbox 632 1013 689 1104; x_wconf 91' lang='lat' dir='ltr'>qui</span> <span class='ocrx_word' id='word_1_47' title='bbox 717 1011 762 1084; x_wconf 92' lang='lat' dir='ltr'>de</span> <span class='ocrx_word' id='word_1_48' title='bbox 785 1012 861 1108; x_wconf 82' lang='lat' dir='ltr'>hoc</span> <span class='ocrx_word' id='word_1_49' title='bbox 882 1013 975 1085; x_wconf 85' lang='lat' dir='ltr'>anxii</span> <span class='ocrx_word' id='word_1_50' title='bbox 1002 1001 1223 1110; x_wconf 75' lang='lat' dir='ltr'>fuissent,fi·</span> 
     </span>
    </p>
   </div>
   <div class='ocr_carea' id='block_1_3' title="bbox 147 1106 1336 4214">
    <p class='ocr_par' dir='ltr' id='par_1_3' title="bbox 147 1106 1336 4011">
     <span class='ocr_line' id='line_1_8' title="bbox 160 1106 1222 1214; baseline -0.004 -22"><span class='ocrx_word' id='word_1_51' title='bbox 160 1119 241 1214; x_wconf 91' lang='lat' dir='ltr'>(ut</span> <span class='ocrx_word' id='word_1_52' title='bbox 266 1118 314 1188; x_wconf 90' lang='lat' dir='ltr'>illi</span> <span class='ocrx_word' id='word_1_53' title='bbox 342 1112 539 1207; x_wconf 85' lang='lat' dir='ltr'>dicerent)</span> <span class='ocrx_word' id='word_1_54' title='bbox 565 1106 759 1186; x_wconf 71' lang='lat' dir='ltr'>noluissent</span> <span class='ocrx_word' id='word_1_55' title='bbox 783 1112 979 1185; x_wconf 84' lang='lat' dir='ltr'>divinitatis</span> <span class='ocrx_word' id='word_1_56' title='bbox 1011 1116 1222 1188; x_wconf 82' lang='lat' dir='ltr'>novitatem</span> 
     </span>
     <span class='ocr_line' id='line_1_9' title="bbox 161 1210 1221 1305; baseline -0.006 -13"><span class='ocrx_word' id='word_1_57' title='bbox 161 1219 299 1292; x_wconf 80' lang='lat' dir='ltr'>admitti</span> <span class='ocrx_word' id='word_1_58' title='bbox 322 1237 340 1286; x_wconf 89' lang='lat' dir='ltr'>a</span> <span class='ocrx_word' id='word_1_59' title='bbox 357 1216 582 1286; x_wconf 80' lang='lat' dir='ltr'>credentibus</span> <span class='ocrx_word' id='word_1_60' title='bbox 597 1215 635 1286; x_wconf 89' lang='lat' dir='ltr'>in</span> <span class='ocrx_word' id='word_1_61' title='bbox 650 1211 851 1303; x_wconf 86' lang='lat' dir='ltr'>Christum,</span> <span class='ocrx_word' id='word_1_62' title='bbox 868 1210 924 1285; x_wconf 89' lang='lat' dir='ltr'>sed</span> <span class='ocrx_word' id='word_1_63' title='bbox 940 1233 1004 1284; x_wconf 92' lang='lat' dir='ltr'>eos</span> <span class='ocrx_word' id='word_1_64' title='bbox 1024 1214 1221 1305; x_wconf 84' lang='lat' dir='ltr'>pervenire</span> 
     </span>
     <span class='ocr_line' id='line_1_10' title="bbox 147 1309 1232 1409; baseline -0.005 -19"><span class='ocrx_word' id='word_1_65' title='bbox 147 1319 205 1390; x_wconf 84' lang='lat' dir='ltr'>-ad</span> <span class='ocrx_word' id='word_1_66' title='bbox 227 1315 338 1409; x_wconf 88' lang='lat' dir='ltr'>ipsum</span> <span class='ocrx_word' id='word_1_67' title='bbox 360 1316 492 1392; x_wconf 70' lang='lat' dir='ltr'>Deum,</span> <span class='ocrx_word' id='word_1_68' title='bbox 519 1336 624 1404; x_wconf 87' lang='lat' dir='ltr'>quem</span> <span class='ocrx_word' id='word_1_69' title='bbox 648 1316 754 1390; x_wconf 81' lang='lat' dir='ltr'>etiam</span> <span class='ocrx_word' id='word_1_70' title='bbox 779 1328 861 1383; x_wconf 90' lang='lat' dir='ltr'>ante</span> <span class='ocrx_word' id='word_1_71' title='bbox 885 1312 1000 1405; x_wconf 88' lang='lat' dir='ltr'>Jesum</span> <span class='ocrx_word' id='word_1_72' title='bbox 1022 1309 1158 1402; x_wconf 83' lang='lat' dir='ltr'>moses,</span> <span class='ocrx_word' id='word_1_73' title='bbox 1185 1314 1232 1402; x_wconf 83' lang='lat' dir='ltr'>dt¹</span> 
     </span>
     <span class='ocr_line' id='line_1_11' title="bbox 159 1411 1222 1514; baseline -0.003 -24"><span class='ocrx_word' id='word_1_74' title='bbox 159 1417 352 1508; x_wconf 78' lang='lat' dir='ltr'>Propheta</span> <span class='ocrx_word' id='word_1_75' title='bbox 371 1412 587 1514; x_wconf 50' lang='lat' dir='ltr'>docuiilcnt„</span> <span class='ocrx_word' id='word_1_76' title='bbox 634 1416 751 1511; x_wconf 88' lang='lat' dir='ltr'>Quam</span> <span class='ocrx_word' id='word_1_77' title='bbox 769 1415 907 1486; x_wconf 85' lang='lat' dir='ltr'>obrem</span> <span class='ocrx_word' id='word_1_78' title='bbox 931 1411 1222 1504; x_wconf 85' lang='lat' dir='ltr'>respondendum</span> 
     </span>
     <span class='ocr_line' id='line_1_12' title="bbox 162 1510 1299 1605; baseline -0.005 -14"><span class='ocrx_word' id='word_1_79' title='bbox 162 1516 213 1591; x_wconf 90' lang='lat' dir='ltr'>est</span> <span class='ocrx_word' id='word_1_80' title='bbox 238 1517 328 1605; x_wconf 77' lang='lat' dir='ltr'>illis,</span> <span class='ocrx_word' id='word_1_81' title='bbox 355 1514 452 1604; x_wconf 90' lang='lat' dir='ltr'>quod</span> <span class='ocrx_word' id='word_1_82' title='bbox 477 1517 596 1586; x_wconf 85' lang='lat' dir='ltr'>multae</span> <span class='ocrx_word' id='word_1_83' title='bbox 619 1511 728 1584; x_wconf 77' lang='lat' dir='ltr'>causae</span> <span class='ocrx_word' id='word_1_84' title='bbox 755 1511 823 1583; x_wconf 86' lang='lat' dir='ltr'>elle</span> <span class='ocrx_word' id='word_1_85' title='bbox 847 1533 928 1586; x_wconf 90' lang='lat' dir='ltr'>cum</span> <span class='ocrx_word' id='word_1_86' title='bbox 952 1510 1115 1605; x_wconf 80' lang='lat' dir='ltr'>pollent,</span> <span class='ocrx_word' id='word_1_87' title='bbox 1141 1532 1220 1604; x_wconf 82' lang='lat' dir='ltr'>quae</span> <span class='ocrx_word' id='word_1_88' title='bbox 1297 1539 1299 1546; x_wconf 94' lang='lat'>·</span> 
     </span>
     <span class='ocr_line' id='line_1_13' title="bbox 159 1609 1289 1705; baseline -0.002 -14"><span class='ocrx_word' id='word_1_89' title='bbox 159 1619 204 1691; x_wconf 82' lang='lat' dir='ltr'>ed</span> <span class='ocrx_word' id='word_1_90' title='bbox 227 1615 443 1688; x_wconf 89' lang='lat' dir='ltr'>credendum</span> <span class='ocrx_word' id='word_1_91' title='bbox 466 1616 682 1698; x_wconf 78' lang='lat' dir='ltr'>invitarent,</span> <span class='ocrx_word' id='word_1_92' title='bbox 711 1613 744 1683; x_wconf 81' lang='lat' dir='ltr'>di</span> <span class='ocrx_word' id='word_1_93' title='bbox 769 1613 946 1686; x_wconf 89' lang='lat' dir='ltr'>interdurn</span> <span class='ocrx_word' id='word_1_94' title='bbox 971 1613 1132 1704; x_wconf 86' lang='lat' dir='ltr'>aliquos,</span> <span class='ocrx_word' id='word_1_95' title='bbox 1160 1609 1221 1705; x_wconf 81' lang='lat' dir='ltr'>qui</span> <span class='ocrx_word' id='word_1_96' title='bbox 1287 1682 1289 1688; x_wconf 86' lang='lat'><em>.</em></span> 
     </span>
     <span class='ocr_line' id='line_1_14' title="bbox 163 1712 1223 1807; baseline -0.002 -18"><span class='ocrx_word' id='word_1_97' title='bbox 163 1718 207 1798; x_wconf 84' lang='lat' dir='ltr'>ab</span> <span class='ocrx_word' id='word_1_98' title='bbox 222 1736 293 1788; x_wconf 89' lang='lat' dir='ltr'>una</span> <span class='ocrx_word' id='word_1_99' title='bbox 308 1716 559 1787; x_wconf 84' lang='lat' dir='ltr'>miraculorum</span> <span class='ocrx_word' id='word_1_100' title='bbox 576 1712 881 1784; x_wconf 87' lang='lat' dir='ltr'>demonstratione</span> <span class='ocrx_word' id='word_1_101' title='bbox 893 1733 967 1786; x_wconf 92' lang='lat' dir='ltr'>non</span> <span class='ocrx_word' id='word_1_102' title='bbox 981 1715 1223 1807; x_wconf 89' lang='lat' dir='ltr'>percelleren-</span> 
     </span>
     <span class='ocr_line' id='line_1_15' title="bbox 161 1811 1223 1907; baseline -0.003 -17"><span class='ocrx_word' id='word_1_103' title='bbox 161 1831 243 1906; x_wconf 80' lang='lat' dir='ltr'>tur,</span> <span class='ocrx_word' id='word_1_104' title='bbox 269 1817 313 1888; x_wconf 91' lang='lat' dir='ltr'>ab</span> <span class='ocrx_word' id='word_1_105' title='bbox 331 1815 396 1886; x_wconf 86' lang='lat' dir='ltr'>alia</span> <span class='ocrx_word' id='word_1_106' title='bbox 412 1811 717 1904; x_wconf 83' lang='lat' dir='ltr'>demonstratione</span> <span class='ocrx_word' id='word_1_107' title='bbox 735 1816 959 1904; x_wconf 88' lang='lat' dir='ltr'>permoveri,</span> <span class='ocrx_word' id='word_1_108' title='bbox 985 1814 1084 1907; x_wconf 84' lang='lat' dir='ltr'>polle</span> <span class='ocrx_word' id='word_1_109' title='bbox 1101 1814 1223 1889; x_wconf 88' lang='lat' dir='ltr'>Deum</span> 
     </span>
     <span class='ocr_line' id='line_1_16' title="bbox 162 1907 1224 2007; baseline 0 -18"><span class='ocrx_word' id='word_1_110' title='bbox 162 1916 368 2007; x_wconf 88' lang='lat' dir='ltr'>complures</span> <span class='ocrx_word' id='word_1_111' title='bbox 392 1907 508 1984; x_wconf 86' lang='lat' dir='ltr'>causas</span> <span class='ocrx_word' id='word_1_112' title='bbox 530 1911 736 1984; x_wconf 89' lang='lat' dir='ltr'>hominibus</span> <span class='ocrx_word' id='word_1_113' title='bbox 761 1912 942 2005; x_wconf 76' lang='lat' dir='ltr'>prebere,</span> <span class='ocrx_word' id='word_1_114' title='bbox 969 1931 1009 1985; x_wconf 88' lang='lat' dir='ltr'>ut</span> <span class='ocrx_word' id='word_1_115' title='bbox 1035 1916 1224 1989; x_wconf 81' lang='lat' dir='ltr'>admittant</span> 
     </span>
     <span class='ocr_line' id='line_1_17' title="bbox 161 2011 1224 2106; baseline -0.003 -16"><span class='ocrx_word' id='word_1_116' title='bbox 161 2015 297 2104; x_wconf 77' lang='lat' dir='ltr'>Deum,</span> <span class='ocrx_word' id='word_1_117' title='bbox 314 2015 370 2103; x_wconf 88' lang='lat' dir='ltr'>qui</span> <span class='ocrx_word' id='word_1_118' title='bbox 388 2011 557 2102; x_wconf 88' lang='lat' dir='ltr'>estsuper</span> <span class='ocrx_word' id='word_1_119' title='bbox 574 2013 693 2084; x_wconf 90' lang='lat' dir='ltr'>omnia</span> <span class='ocrx_word' id='word_1_120' title='bbox 710 2013 850 2106; x_wconf 88' lang='lat' dir='ltr'>genita,</span> <span class='ocrx_word' id='word_1_121' title='bbox 870 2016 1057 2089; x_wconf 83' lang='lat' dir='ltr'>humanam</span> <span class='ocrx_word' id='word_1_122' title='bbox 1077 2013 1224 2106; x_wconf 79' lang='lat' dir='ltr'>allump·</span> 
     </span>
     <span class='ocr_line' id='line_1_18' title="bbox 155 2105 1223 2206; baseline -0.003 -16"><span class='ocrx_word' id='word_1_123' title='bbox 155 2105 237 2190; x_wconf 78' lang='lat' dir='ltr'>&#39;nise</span> <span class='ocrx_word' id='word_1_124' title='bbox 265 2113 437 2187; x_wconf 80' lang='lat' dir='ltr'>naturam.</span> <span class='ocrx_word' id='word_1_125' title='bbox 490 2110 598 2183; x_wconf 88' lang='lat' dir='ltr'>Unde</span> <span class='ocrx_word' id='word_1_126' title='bbox 625 2112 730 2183; x_wconf 89' lang='lat' dir='ltr'>etiam</span> <span class='ocrx_word' id='word_1_127' title='bbox 758 2112 949 2187; x_wconf 89' lang='lat' dir='ltr'>evidenter</span> <span class='ocrx_word' id='word_1_128' title='bbox 974 2135 1122 2187; x_wconf 89' lang='lat' dir='ltr'>cernere</span> <span class='ocrx_word' id='word_1_129' title='bbox 1151 2113 1223 2206; x_wconf 87' lang='lat' dir='ltr'>est,</span> 
     </span>
     <span class='ocr_line' id='line_1_19' title="bbox 161 2211 1223 2307; baseline 0 -16"><span class='ocrx_word' id='word_1_130' title='bbox 161 2216 363 2291; x_wconf 85' lang='lat' dir='ltr'>nonnullos</span> <span class='ocrx_word' id='word_1_131' title='bbox 382 2233 425 2284; x_wconf 85' lang='lat' dir='ltr'>ex</span> <span class='ocrx_word' id='word_1_132' title='bbox 448 2211 672 2307; x_wconf 89' lang='lat' dir='ltr'>propheticis</span> <span class='ocrx_word' id='word_1_133' title='bbox 695 2213 873 2286; x_wconf 87' lang='lat' dir='ltr'>vaticiniis</span> <span class='ocrx_word' id='word_1_134' title='bbox 893 2216 928 2286; x_wconf 92' lang='lat' dir='ltr'>in</span> <span class='ocrx_word' id='word_1_135' title='bbox 952 2216 1223 2291; x_wconf 84' lang='lat' dir='ltr'>admirationem</span> 
     </span>
     <span class='ocr_line' id='line_1_20' title="bbox 165 2311 1226 2408; baseline 0.001 -21"><span class='ocrx_word' id='word_1_136' title='bbox 165 2312 293 2405; x_wconf 78' lang='lat' dir='ltr'>Christi</span> <span class='ocrx_word' id='word_1_137' title='bbox 311 2317 458 2392; x_wconf 87' lang='lat' dir='ltr'>venire,</span> <span class='ocrx_word' id='word_1_138' title='bbox 485 2327 543 2385; x_wconf 92' lang='lat' dir='ltr'>tot</span> <span class='ocrx_word' id='word_1_139' title='bbox 558 2311 840 2405; x_wconf 86' lang='lat' dir='ltr'>Prophetarum,</span> <span class='ocrx_word' id='word_1_140' title='bbox 858 2316 917 2408; x_wconf 90' lang='lat' dir='ltr'>qui</span> <span class='ocrx_word' id='word_1_141' title='bbox 932 2313 1134 2408; x_wconf 85' lang='lat' dir='ltr'>anteipsum</span> <span class='ocrx_word' id='word_1_142' title='bbox 1149 2315 1226 2388; x_wconf 85' lang='lat' dir='ltr'>fne-</span> 
     </span>
     <span class='ocr_line' id='line_1_21' title="bbox 163 2412 1225 2508; baseline 0.006 -21"><span class='ocrx_word' id='word_1_143' title='bbox 163 2428 276 2508; x_wconf 88' lang='lat' dir='ltr'>runt,</span> <span class='ocrx_word' id='word_1_144' title='bbox 302 2412 483 2507; x_wconf 86' lang='lat' dir='ltr'>perculsos</span> <span class='ocrx_word' id='word_1_145' title='bbox 501 2433 598 2483; x_wconf 89' lang='lat' dir='ltr'>voce</span> <span class='ocrx_word' id='word_1_146' title='bbox 618 2412 816 2484; x_wconf 86' lang='lat' dir='ltr'>stabiliente</span> <span class='ocrx_word' id='word_1_147' title='bbox 841 2417 1010 2506; x_wconf 90' lang='lat' dir='ltr'>quidquid</span> <span class='ocrx_word' id='word_1_148' title='bbox 1036 2418 1078 2487; x_wconf 90' lang='lat' dir='ltr'>ad</span> <span class='ocrx_word' id='word_1_149' title='bbox 1102 2418 1225 2493; x_wconf 87' lang='lat' dir='ltr'>locum</span> 
     </span>
     <span class='ocr_line' id='line_1_22' title="bbox 165 2511 1224 2611; baseline 0.004 -23"><span class='ocrx_word' id='word_1_150' title='bbox 165 2516 340 2611; x_wconf 87' lang='lat' dir='ltr'>pertinet,</span> <span class='ocrx_word' id='word_1_151' title='bbox 356 2514 392 2584; x_wconf 93' lang='lat' dir='ltr'>in</span> <span class='ocrx_word' id='word_1_152' title='bbox 412 2534 484 2602; x_wconf 90' lang='lat' dir='ltr'>qno</span> <span class='ocrx_word' id='word_1_153' title='bbox 501 2512 639 2605; x_wconf 87' lang='lat' dir='ltr'>genitus</span> <span class='ocrx_word' id='word_1_154' title='bbox 657 2511 748 2603; x_wconf 85' lang='lat' dir='ltr'>fuit,</span> <span class='ocrx_word' id='word_1_155' title='bbox 763 2514 797 2584; x_wconf 75' lang='lat' dir='ltr'>ta</span> <span class='ocrx_word' id='word_1_156' title='bbox 813 2538 889 2588; x_wconf 88' lang='lat' dir='ltr'>eam</span> <span class='ocrx_word' id='word_1_157' title='bbox 905 2519 1009 2587; x_wconf 89' lang='lat' dir='ltr'>etiam</span> <span class='ocrx_word' id='word_1_158' title='bbox 1027 2518 1224 2611; x_wconf 86' lang='lat' dir='ltr'>regionem,</span> 
     </span>
     <span class='ocr_line' id='line_1_23' title="bbox 165 2608 1318 2706; baseline 0 -18"><span class='ocrx_word' id='word_1_159' title='bbox 165 2618 203 2690; x_wconf 91' lang='lat' dir='ltr'>in</span> <span class='ocrx_word' id='word_1_160' title='bbox 225 2635 293 2706; x_wconf 90' lang='lat' dir='ltr'>qua</span> <span class='ocrx_word' id='word_1_161' title='bbox 312 2616 488 2686; x_wconf 85' lang='lat' dir='ltr'>enutritus</span> <span class='ocrx_word' id='word_1_162' title='bbox 508 2608 599 2702; x_wconf 86' lang='lat' dir='ltr'>fuit,</span> <span class='ocrx_word' id='word_1_163' title='bbox 627 2610 751 2684; x_wconf 84' lang='lat' dir='ltr'>&amp;vim</span> <span class='ocrx_word' id='word_1_164' title='bbox 772 2613 877 2705; x_wconf 79' lang='lat' dir='ltr'>ipsius</span> <span class='ocrx_word' id='word_1_165' title='bbox 898 2613 1090 2706; x_wconf 71' lang='lat' dir='ltr'>doitrinae,</span> <span class='ocrx_word' id='word_1_166' title='bbox 1118 2618 1155 2691; x_wconf 80' lang='lat' dir='ltr'>dt</span> <span class='ocrx_word' id='word_1_167' title='bbox 1172 2637 1227 2688; x_wconf 86' lang='lat' dir='ltr'>re·</span> <span class='ocrx_word' id='word_1_168' title='bbox 1316 2628 1318 2632; x_wconf 86' lang='grc'><strong>’</strong></span> 
     </span>
     <span class='ocr_line' id='line_1_24' title="bbox 165 2712 1228 2807; baseline 0.001 -19"><span class='ocrx_word' id='word_1_169' title='bbox 165 2734 244 2791; x_wconf 89' lang='lat' dir='ltr'>rum</span> <span class='ocrx_word' id='word_1_170' title='bbox 262 2713 515 2787; x_wconf 83' lang='lat' dir='ltr'>admirabilium</span> <span class='ocrx_word' id='word_1_171' title='bbox 534 2712 805 2800; x_wconf 86' lang='lat' dir='ltr'>operationem,</span> <span class='ocrx_word' id='word_1_172' title='bbox 833 2735 874 2785; x_wconf 94' lang='lat' dir='ltr'>ac</span> <span class='ocrx_word' id='word_1_173' title='bbox 890 2714 1019 2786; x_wconf 90' lang='lat' dir='ltr'>deinde</span> <span class='ocrx_word' id='word_1_174' title='bbox 1035 2716 1228 2807; x_wconf 87' lang='lat' dir='ltr'>paffionem</span> 
     </span>
     <span class='ocr_line' id='line_1_25' title="bbox 167 2809 1229 2912; baseline -0.002 -21"><span class='ocrx_word' id='word_1_175' title='bbox 167 2817 395 2891; x_wconf 89' lang='lat' dir='ltr'>humanama</span> <span class='ocrx_word' id='word_1_176' title='bbox 413 2811 667 2883; x_wconf 74' lang='lat' dir='ltr'>resurrectione</span> <span class='ocrx_word' id='word_1_177' title='bbox 686 2809 904 2887; x_wconf 73' lang='lat' dir='ltr'>destructam.</span> <span class='ocrx_word' id='word_1_178' title='bbox 932 2817 1031 2912; x_wconf 89' lang='lat' dir='ltr'>Quin</span> <span class='ocrx_word' id='word_1_179' title='bbox 1050 2810 1229 2907; x_wconf 85' lang='lat' dir='ltr'>hoc&#39;qno·</span> 
     </span>
     <span class='ocr_line' id='line_1_26' title="bbox 168 2909 1226 3010; baseline 0.002 -21"><span class='ocrx_word' id='word_1_180' title='bbox 168 2934 240 3007; x_wconf 84' lang='lat' dir='ltr'>que</span> <span class='ocrx_word' id='word_1_181' title='bbox 259 2910 551 2986; x_wconf 82' lang='lat' dir='ltr'>considerandum</span> <span class='ocrx_word' id='word_1_182' title='bbox 571 2909 641 2991; x_wconf 86' lang='lat' dir='ltr'>est,</span> <span class='ocrx_word' id='word_1_183' title='bbox 659 2912 756 3003; x_wconf 91' lang='lat' dir='ltr'>quod</span> <span class='ocrx_word' id='word_1_184' title='bbox 770 2913 982 3010; x_wconf 81' lang='lat' dir='ltr'>prodigiosa</span> <span class='ocrx_word' id='word_1_185' title='bbox 1002 2914 1034 2986; x_wconf 89' lang='lat'>&amp;</span> <span class='ocrx_word' id='word_1_186' title='bbox 1054 2912 1226 2991; x_wconf 85' lang='lat' dir='ltr'>admiran-</span> 
     </span>
     <span class='ocr_line' id='line_1_27' title="bbox 169 3010 1229 3115; baseline 0.001 -26"><span class='ocrx_word' id='word_1_187' title='bbox 169 3016 221 3115; x_wconf 84' lang='lat' dir='ltr'>dae</span> <span class='ocrx_word' id='word_1_188' title='bbox 246 3015 441 3108; x_wconf 76' lang='lat' dir='ltr'>potentie,</span> <span class='ocrx_word' id='word_1_189' title='bbox 471 3032 535 3084; x_wconf 89' lang='lat' dir='ltr'>eos</span> <span class='ocrx_word' id='word_1_190' title='bbox 558 3010 721 3102; x_wconf 91' lang='lat' dir='ltr'>quidem,</span> <span class='ocrx_word' id='word_1_191' title='bbox 750 3015 809 3104; x_wconf 90' lang='lat' dir='ltr'>qui</span> <span class='ocrx_word' id='word_1_192' title='bbox 829 3014 978 3087; x_wconf 92' lang='lat' dir='ltr'>Domini</span> <span class='ocrx_word' id='word_1_193' title='bbox 997 3028 1102 3087; x_wconf 86' lang='lat' dir='ltr'>aetate</span> <span class='ocrx_word' id='word_1_194' title='bbox 1126 3014 1229 3090; x_wconf 88' lang='lat' dir='ltr'>exsti-</span> 
     </span>
     <span class='ocr_line' id='line_1_28' title="bbox 168 3111 1228 3204; baseline 0 -14"><span class='ocrx_word' id='word_1_195' title='bbox 168 3114 317 3204; x_wconf 80' lang='lat' dir='ltr'>tiilent,</span> <span class='ocrx_word' id='word_1_196' title='bbox 335 3113 487 3185; x_wconf 84' lang='lat' dir='ltr'>invitare</span> <span class='ocrx_word' id='word_1_197' title='bbox 504 3124 676 3204; x_wconf 87' lang='lat' dir='ltr'>poterant</span> <span class='ocrx_word' id='word_1_198' title='bbox 693 3111 735 3184; x_wconf 90' lang='lat' dir='ltr'>ad</span> <span class='ocrx_word' id='word_1_199' title='bbox 755 3113 993 3204; x_wconf 88' lang='lat' dir='ltr'>credendum,</span> <span class='ocrx_word' id='word_1_200' title='bbox 1012 3132 1047 3187; x_wconf 89' lang='lat' dir='ltr'>at</span> <span class='ocrx_word' id='word_1_201' title='bbox 1063 3138 1139 3189; x_wconf 91' lang='lat' dir='ltr'>non</span> <span class='ocrx_word' id='word_1_202' title='bbox 1160 3115 1228 3190; x_wconf 89' lang='lat' dir='ltr'>ser·</span> 
     </span>
     <span class='ocr_line' id='line_1_29' title="bbox 168 3211 1229 3306; baseline 0.002 -17"><span class='ocrx_word' id='word_1_203' title='bbox 168 3214 310 3301; x_wconf 79' lang='lat' dir='ltr'>veilent</span> <span class='ocrx_word' id='word_1_204' title='bbox 327 3211 407 3306; x_wconf 89' lang='lat' dir='ltr'>poll</span> <span class='ocrx_word' id='word_1_205' title='bbox 425 3214 535 3284; x_wconf 87' lang='lat' dir='ltr'>multa</span> <span class='ocrx_word' id='word_1_206' title='bbox 552 3224 715 3301; x_wconf 88' lang='lat' dir='ltr'>tempora</span> <span class='ocrx_word' id='word_1_207' title='bbox 733 3212 939 3288; x_wconf 87' lang='lat' dir='ltr'>evidentem</span> <span class='ocrx_word' id='word_1_208' title='bbox 956 3217 1229 3291; x_wconf 88' lang='lat' dir='ltr'>demonstratio·</span> 
     </span>
     <span class='ocr_line' id='line_1_30' title="bbox 169 3308 1239 3407; baseline 0.007 -24"><span class='ocrx_word' id='word_1_209' title='bbox 169 3336 276 3407; x_wconf 84' lang='lat' dir='ltr'>nem,</span> <span class='ocrx_word' id='word_1_210' title='bbox 301 3334 382 3385; x_wconf 88' lang='lat' dir='ltr'>cum</span> <span class='ocrx_word' id='word_1_211' title='bbox 405 3334 456 3382; x_wconf 75' lang='lat' dir='ltr'>ee</span> <span class='ocrx_word' id='word_1_212' title='bbox 477 3332 622 3402; x_wconf 90' lang='lat' dir='ltr'>quoque</span> <span class='ocrx_word' id='word_1_213' title='bbox 642 3308 711 3403; x_wconf 86' lang='lat' dir='ltr'>jam</span> <span class='ocrx_word' id='word_1_214' title='bbox 729 3334 798 3405; x_wconf 89' lang='lat' dir='ltr'>pro</span> <span class='ocrx_word' id='word_1_215' title='bbox 819 3314 946 3386; x_wconf 83' lang='lat' dir='ltr'>fabulis</span> <span class='ocrx_word' id='word_1_216' title='bbox 964 3336 1058 3406; x_wconf 86' lang='lat' dir='ltr'>pene</span> <span class='ocrx_word' id='word_1_217' title='bbox 1076 3316 1239 3391; x_wconf 78' lang='lat' dir='ltr'>nabsan·-</span> 
     </span>
     <span class='ocr_line' id='line_1_31' title="bbox 169 3412 1232 3509; baseline 0.003 -19"><span class='ocrx_word' id='word_1_218' title='bbox 169 3426 255 3490; x_wconf 51' lang='lat' dir='ltr'>tur„</span> <span class='ocrx_word' id='word_1_219' title='bbox 289 3412 371 3486; x_wconf 87' lang='lat' dir='ltr'>Plus</span> <span class='ocrx_word' id='word_1_220' title='bbox 390 3413 484 3485; x_wconf 91' lang='lat' dir='ltr'>enim</span> <span class='ocrx_word' id='word_1_221' title='bbox 499 3412 671 3502; x_wconf 85' lang='lat' dir='ltr'>potentiis</span> <span class='ocrx_word' id='word_1_222' title='bbox 694 3433 735 3482; x_wconf 94' lang='lat' dir='ltr'>ac</span> <span class='ocrx_word' id='word_1_223' title='bbox 751 3416 928 3487; x_wconf 85' lang='lat' dir='ltr'>miraculis</span> <span class='ocrx_word' id='word_1_224' title='bbox 943 3417 1037 3487; x_wconf 90' lang='lat' dir='ltr'>illius</span> <span class='ocrx_word' id='word_1_225' title='bbox 1055 3423 1232 3509; x_wconf 82' lang='lat' dir='ltr'>temporis</span> 
     </span>
     <span class='ocr_line' id='line_1_32' title="bbox 171 3510 1315 3615; baseline 0.003 -28"><span class='ocrx_word' id='word_1_226' title='bbox 171 3516 295 3615; x_wconf 88' lang='lat' dir='ltr'>potuit</span> <span class='ocrx_word' id='word_1_227' title='bbox 317 3512 358 3585; x_wconf 91' lang='lat' dir='ltr'>ad</span> <span class='ocrx_word' id='word_1_228' title='bbox 385 3510 662 3604; x_wconf 89' lang='lat' dir='ltr'>persuadendum</span> <span class='ocrx_word' id='word_1_229' title='bbox 690 3519 900 3609; x_wconf 77' lang='lat' dir='ltr'>prophetia,</span> <span class='ocrx_word' id='word_1_230' title='bbox 929 3537 1005 3605; x_wconf 76' lang='lat' dir='ltr'>quaa</span> <span class='ocrx_word' id='word_1_231' title='bbox 1025 3537 1122 3588; x_wconf 90' lang='lat' dir='ltr'>nunc</span> <span class='ocrx_word' id='word_1_232' title='bbox 1148 3536 1232 3595; x_wconf 85' lang='lat' dir='ltr'>cum</span> <span class='ocrx_word' id='word_1_233' title='bbox 1312 3566 1315 3573; x_wconf 87' lang='lat'><em>-</em></span> 
     </span>
     <span class='ocr_line' id='line_1_33' title="bbox 172 3612 1232 3711; baseline -0.01 -21"><span class='ocrx_word' id='word_1_234' title='bbox 172 3616 348 3711; x_wconf 90' lang='lat' dir='ltr'>potentiis</span> <span class='ocrx_word' id='word_1_235' title='bbox 375 3612 473 3704; x_wconf 82' lang='lat' dir='ltr'>ipsis,</span> <span class='ocrx_word' id='word_1_236' title='bbox 501 3613 733 3685; x_wconf 88' lang='lat' dir='ltr'>&amp;miraculis</span> <span class='ocrx_word' id='word_1_237' title='bbox 760 3616 1027 3710; x_wconf 83' lang='lat' dir='ltr'>expenditur&amp;</span> <span class='ocrx_word' id='word_1_238' title='bbox 1048 3636 1232 3709; x_wconf 73' lang='lat' dir='ltr'>compara.</span> 
     </span>
     <span class='ocr_line' id='line_1_34' title="bbox 172 3710 1234 3812; baseline 0.003 -23"><span class='ocrx_word' id='word_1_239' title='bbox 172 3728 252 3810; x_wconf 87' lang='lat' dir='ltr'>tur,</span> <span class='ocrx_word' id='word_1_240' title='bbox 280 3710 496 3789; x_wconf 84' lang='lat' dir='ltr'>confirmans</span> <span class='ocrx_word' id='word_1_241' title='bbox 513 3711 711 3805; x_wconf 79' lang='lat' dir='ltr'>prophetie</span> <span class='ocrx_word' id='word_1_242' title='bbox 729 3717 975 3812; x_wconf 77' lang='lat' dir='ltr'>indagatores,</span> <span class='ocrx_word' id='word_1_243' title='bbox 993 3732 1032 3788; x_wconf 93' lang='lat' dir='ltr'>ut</span> <span class='ocrx_word' id='word_1_244' title='bbox 1049 3710 1154 3790; x_wconf 85' lang='lat' dir='ltr'>fidem</span> <span class='ocrx_word' id='word_1_245' title='bbox 1173 3720 1234 3792; x_wconf 90' lang='lat' dir='ltr'>ha·</span> 
     </span>
     <span class='ocr_line' id='line_1_35' title="bbox 172 3810 1336 3907; baseline -0.014 -13"><span class='ocrx_word' id='word_1_246' title='bbox 172 3820 282 3893; x_wconf 78' lang='lat' dir='ltr'>beant</span> <span class='ocrx_word' id='word_1_247' title='bbox 307 3816 376 3888; x_wconf 91' lang='lat' dir='ltr'>illis</span> <span class='ocrx_word' id='word_1_248' title='bbox 400 3813 571 3907; x_wconf 79' lang='lat' dir='ltr'>potentiis</span> <span class='ocrx_word' id='word_1_249' title='bbox 589 3810 799 3903; x_wconf 74' lang='lat' dir='ltr'>prodigiosis</span> <span class='ocrx_word' id='word_1_250' title='bbox 818 3817 852 3888; x_wconf 75' lang='grc' dir='ltr'>δι</span> <span class='ocrx_word' id='word_1_251' title='bbox 870 3814 1092 3890; x_wconf 71' lang='lat' dir='ltr'>admirandis.</span> <span class='ocrx_word' id='word_1_252' title='bbox 1144 3813 1234 3892; x_wconf 75' lang='lat' dir='ltr'>For.</span> <span class='ocrx_word' id='word_1_253' title='bbox 1332 3854 1336 3865; x_wconf 65' lang='lat'><em>„</em></span> 
     </span>
     <span class='ocr_line' id='line_1_36' title="bbox 172 3911 1233 4011; baseline -0.004 -18"><span class='ocrx_word' id='word_1_254' title='bbox 172 3918 258 3993; x_wconf 83' lang='lat' dir='ltr'>teile</span> <span class='ocrx_word' id='word_1_255' title='bbox 283 3934 376 3991; x_wconf 87' lang='lat' dir='ltr'>vero</span> <span class='ocrx_word' id='word_1_256' title='bbox 397 3913 608 4011; x_wconf 85' lang='lat' dir='ltr'>prophetica</span> <span class='ocrx_word' id='word_1_257' title='bbox 634 3911 836 3990; x_wconf 89' lang='lat' dir='ltr'>testimonia</span> <span class='ocrx_word' id='word_1_258' title='bbox 859 3936 934 3990; x_wconf 90' lang='lat' dir='ltr'>non</span> <span class='ocrx_word' id='word_1_259' title='bbox 954 3934 1091 4011; x_wconf 87' lang='lat' dir='ltr'>tantum</span> <span class='ocrx_word' id='word_1_260' title='bbox 1111 3920 1233 4007; x_wconf 86' lang='lat' dir='ltr'>praedi·</span> 
     </span>
    </p>

    <p class='ocr_par' dir='ltr' id='par_1_4' title="bbox 174 4004 1266 4121">
     <span class='ocr_line' id='line_1_37' title="bbox 174 4004 1266 4121; baseline 0.004 -28"><span class='ocrx_word' id='word_1_261' title='bbox 174 4034 257 4099; x_wconf 85' lang='lat' dir='ltr'>cant</span> <span class='ocrx_word' id='word_1_262' title='bbox 276 4011 459 4099; x_wconf 85' lang='lat' dir='ltr'>Christum</span> <span class='ocrx_word' id='word_1_263' title='bbox 471 4017 781 4111; x_wconf 57' lang='lat' dir='ltr'>venturum-hoc.</span> <span class='ocrx_word' id='word_1_264' title='bbox 792 4037 861 4121; x_wconf 83' lang='lat' dir='ltr'>nos</span> <span class='ocrx_word' id='word_1_265' title='bbox 879 4020 1063 4101; x_wconf 81' lang='lat' dir='ltr'>docentes</span> <span class='ocrx_word' id='word_1_266' title='bbox 1075 4069 1090 4111; x_wconf 81' lang='lat'>,</span> <span class='ocrx_word' id='word_1_267' title='bbox 1103 4004 1266 4097; x_wconf 62' lang='lat' dir='ltr'>annixi&lt;</span> 
     </span>
    </p>

    <p class='ocr_par' dir='ltr' id='par_1_5' title="bbox 277 4132 1228 4214">
     <span class='ocr_line' id='line_1_38' title="bbox 277 4132 1228 4214; baseline -0.003 -26"><span class='ocrx_word' id='word_1_268' title='bbox 277 4168 280 4175; x_wconf 95' lang='lat'>·</span> <span class='ocrx_word' id='word_1_269' title='bbox 1016 4132 1228 4214; x_wconf 52' lang='lat' dir='ltr'>QWWWB)</span> 
     </span>
    </p>
   </div>
   <div class='ocr_carea' id='block_1_4' title="bbox 0 0 1435 4575">
    <p class='ocr_par' dir='ltr' id='par_1_6' title="bbox 0 0 1435 4575">
     <span class='ocr_line' id='line_1_39' title="bbox 0 0 1435 4575; baseline 0 0"><span class='ocrx_word' id='word_1_270' title='bbox 0 0 1435 4575; x_wconf 95' lang='lat' dir='ltr'> </span> 
     </span>
    </p>
   </div>
  </div>
 </body>
</html>
