2817 4575
320 360 713 459 monumen
751 361 962 448 ‘somus
998 361 1027 442 Ι.
1153 365 1202 465 al

136 524 250 602 modo
269 538 480 600 autemnon
500 524 637 599 bonum
656 523 707 598 est
725 523 907 623 resurgere
930 526 1113 602 hominem
1140 546 1201 602 exa

138 625 239 702 cosso
256 628 409 718 pulvere
426 626 460 698 dr
475 627 718 714 mortalitate,
736 626 879 716 hocque
898 648 917 698 a
934 629 1098 702 Domino
1114 624 1199 700 alse-

135 727 220 818 qui,
246 726 437 800 secundum
464 724 562 815 quod
586 723 659 822 ipse
682 716 853 820 Jesuiest
877 726 1109 819 resurre‘diio,
1136 726 1197 819 qui

133 828 241 900 etiam
265 826 402 918 inquit:
445 823 510 918 Ego
527 825 599 912 sum
624 822 835 912 resurrefiio?
886 825 1041 921 Quin&
1066 825 1195 901 ostium

134 927 264 1020 etia-m,
290 945 355 1019 per
378 924 475 1014 quod
501 924 543 996 ad
572 924 737 997 summam
757 925 1013 1000 beatitudinem
1040 929 1117 1017 quis
1143 928 1196 999 in·

132 1025 314 1121 graditur,
341 1022 393 1097 est
417 1025 567 1097 bonurn.
618 1021 672 1094 At
693 1022 850 1097 Christus
870 1027 1005 1114 inquit:
1041 1028 1106 1119 Ego
1121 1026 1194 1114 sum

131 1126 252 1222 osirim.
306 1123 403 1223 Quid
420 1142 512 1196 vero
530 1143 621 1214 opus
640 1122 691 1196 est
709 1128 820 1197 verba
841 1125 962 1199 facere
985 1124 1030 1198 de
1050 1125 1194 1222 Sapien-

130 1227 199 1319 tia,
228 1244 334 1317 quam
360 1224 508 1295 Condidit
532 1222 626 1304 Deus
647 1229 684 1297 in
703 1228 802 1297 initio
827 1229 954 1298 uiarum
975 1222 1128 1317 silurum,
1153 1228 1193 1298 r'n

132 1347 220 1424 opera
231 1324 315 1415 sua,
334 1343 411 1414 qua
426 1322 647 1419 adgaudebat
666 1328 766 1397 Pater
781 1323 910 1418 ipsius,
936 1324 1135 1399 oblediatus
1152 1325 1192 1417 in
1229 1391 1231 1396 ,

131 1421 322 1499 multifaria
342 1422 446 1516 ipsius
468 1422 731 1521 pulchritudine
750 1425 985 1521 intelligibili,
1012 1433 1090 1515 quae
1107 1423 1190 1512 iblia

130 1521 430 1599 intellediualibus
451 1523 567 1595 oculis
590 1524 772 1616 cernitur,
800 1544 947 1615 quaque
966 1524 1190 1599 consideratae

130 1638 199 1711 tem
215 1623 374 1696 divinam
387 1622 688 1716 pulchritudinem
710 1625 752 1696 ad
770 1644 930 1697 amorem
950 1624 1125 1699 coelestem
1138 1626 1191 1698 in·
1313 1633 1316 1645 “

129 1722 249 1800 vitati
282 1721 422 1797 Bonum
444 1723 540 1797 enirn
559 1721 611 1795 est
625 1722 807 1815 Sapientia
827 1724 908 1798 Dei.
944 1725 994 1795 At
1011 1723 1082 1797 hoc
1099 1744 1190 1815 quo·

131 1843 217 1916 que,
242 1835 372 1918 praeter
398 1842 465 1912 ea,
494 1842 570 1914 quae
589 1820 690 1913 supra
714 1822 978 1911 recensuimus,
1005 1825 1028 1893 ii
1053 1844 1188 1896 annun·

132 1926 235 2017 tiant,
253 1919 408 2015 quorum
422 1920 532 2018 pedes
548 1919 629 1992 sunt
643 1921 794 2014 pulchri.
831 1921 999 1996 Potentia
1014 1921 1083 1994 Dei
1100 1942 1189 2016 prae·
1301 1955 1304 1960 ·

129 2035 228 2097 terea
255 2020 424 2101 odavum
453 2020 560 2093 nobis
585 2019 722 2093 bonum
748 2035 1022 2111 annumeratur,
1049 2022 1108 2113 qui
1137 2019 1190 2098 est

130 2119 298 2197 Christus.
347 2120 485 2195 Verum
503 2120 692 2195 enimvero
707 2120 799 2192 haud
815 2118 955 2193 silentio
972 2132 1189 2212 praetereun-

129 2224 208 2300 dum
229 2220 284 2297 est
303 2219 391 2295 illud
408 2220 595 2311 Verbum,
620 2218 719 2321 quod
744 2218 824 2315 post
844 2219 985 2293 Patrem
1002 2217 1188 2294 universo·

129 2344 201 2401 turn
230 2321 283 2400 est
306 2321 419 2396 Deus.
469 2319 635 2412 Namque
661 2319 695 2391 dr
721 2321 794 2394 hoc
818 2321 956 2397 bonum
983 2323 1085 2394 nullo
1114 2321 1185 2392 alio

129 2425 228 2501 buno
251 2417 304 2501 est
323 2419 483 2493 inferius.
534 2413 660 2510 Itaque
673 2422 791 2511 beati,
817 2421 875 2511 qui
895 2420 1095 2497 admiserint
1110 2421 1202 2493 haec*

130 2524 244 2614 bona,
273 2522 404 2611 quique
423 2521 652 2614 perceperint
669 2540 731 2609 ea,
757 2522 888 2609 abiis,
915 2522 974 2613 qui
994 2522 1106 2614 pedes
1126 2521 1188 2593 ha·

128 2624 212 2703 ient
227 2621 422 2715 pulchros,
438 2632 545 2709 atque
559 2621 619 2711 qul
635 2620 894 2714 evangelizant.
926 2620 1187 2694 Verumtamen

128 2723 289 2815 quamvis
310 2718 521 2791 Corinthius
550 2720 722 2808 quispiam
745 2719 928 2809 extiterit,
961 2718 1055 2810 apud
1080 2739 1190 2809 quent
1309 2801 1311 2805 ,

129 2822 276 2899 affirmet
291 2817 419 2895 Paulus
436 2815 470 2889 se
487 2817 572 2890 nihil
593 2815 699 2900 scire,
727 2819 789 2891 nist
805 2816 919 2908 Jesum
938 2816 1136 2902 Christum,
1152 2816 1188 2887 dr

128 2923 220 2997 hunc
234 2912 379 3012 quidem
396 2913 603 2990 crucifixum
618 2915 838 3007 edoiiusque
854 2917 952 2990 hunc
964 2913 1202 2991 nostricausa,
1244 2938 1252 2951 “

127 3022 311 3102 bominem
326 3015 455 3090 fastum
475 3017 633 3113 attigerit
654 3018 754 3095 initia
769 3020 974 3107 bonorum,
1000 3017 1029 3088 ia
1054 3017 1098 3093 ab
1120 3017 1188 3090 ho·

127 3124 219 3200 tuine
245 3116 327 3213 Jesu
353 3114 395 3191 tlt
418 3116 529 3195 homo
558 3117 647 3198 Dei,
672 3116 705 3189 dr
730 3138 775 3189 ex
793 3130 913 3193 morte
930 3113 1006 3212 ejus
1027 3116 1186 3192 moriem

127 3235 304 3317 peceato<
336 3216 469 3297 Etenim
485 3217 565 3312 quod
581 3218 632 3286 ila
650 3235 792 3289 mortuus
800 3216 874 3308 fuit
889 3235 1026 3311 peccato,
1044 3233 1187 3286 mortuus

129 3321 293 3420 pisauri:
322 3339 366 3390 ex
381 3317 456 3389 vita
472 3336 565 3389 vero
581 3314 707 3408 ipsius,
732 3317 900 3407 quoniam
919 3316 1015 3411 Jesus
1034 3313 1085 3389 est
1098 3314 1186 3389 illud

128 3422 224 3519 guod
241 3418 351 3508 vivit,
364 3416 460 3491 vivit
476 3414 560 3488 Deo
580 3416 836 3509 unusquisque,
853 3417 886 3490 dr
903 3416 1102 3494 conformia
1113 3415 1187 3492 fao-

127 3535 178 3599 tus
196 3514 459 3603 resurredbiono
487 3518 561 3606 ejus
579 3515 652 3591 boc
671 3513 883 3605 assequitur,
908 3533 950 3587 ut
971 3516 1074 3590 vivat
1090 3513 1186 3591 sleu.

128 3624 217 3719 Quis
229 3631 353 3693 autem
365 3617 542 3710 ambigat,
557 3635 599 3686 an
612 3613 682 3707 ipsa
690 3615 841 3706 justitia,
860 3615 930 3707 ipsa
945 3610 1187 3701 sandlilicatim

131 3738 234 3813 utque
248 3715 557 3812 ipsaredemptio,
572 3713 613 3787 stt
626 3713 789 3787 bonum?
816 3736 893 3805 quae
911 3716 1016 3785 etiam
1036 3714 1120 3806 ipsa,
1132 3715 1188 3807 Je-

130 3818 196 3897 ium
215 3815 531 3911 evangelizantes,
548 3815 815 3908 evangelizant:
835 3814 997 3887 dicentes
1018 3835 1097 3887 eum
1114 3812 1189 3886 sac·

132 3916 315 3995 tumsuisse
330 3915 436 3989 nobis
448 3911 614 4005 iustitiam
626 3937 645 3992 a
659 3914 759 4000 Deo,
777 3914 810 3985 &
827 3910 1138 3986 sanciihcationem
1155 3913 1189 3984 dr
1261 3954 1263 3959 ,

134 4010 431 4123 redemptionem.
458 4012 512 4093 Ex
531 4014 584 4094 hir
600 4033 685 4191 orgg
701 4014 826 4088 licebit
837 4014 1035 4112 intelligere
1048 4031 1192 4189 cadone

702 4138 727 4209 4
1124 4131 1145 4190 θ
1196 4160 1198 4165 ·
