2817 4575
291 289 373 392 ru
396 299 694 410 Jotuurm
721 269 1014 402 '‘rdmds'r'
1130 279 1198 412 ti
1233 295 1235 300 ’

116 477 231 554 Adam
256 471 462 568 deliquiffej
481 473 544 548 sed
562 489 722 546 creatum
742 473 924 558 hominem
938 473 982 545 ad
997 477 1181 552 immorta-

115 583 276 670 litatem,
303 577 606 651 immortalitatem
620 571 836 662 obtinuiffe3
862 578 1033 665 nequem
1052 579 1179 670 pulve·
1315 627 1317 632 -

116 701 190 755 rem
206 679 336 754 mortis
351 671 584 748 descendiffet
595 670 766 758 Christus,
781 692 899 761 neque
914 691 1083 751 mortuus
1096 675 1184 752 fuis-'

116 779 165 854 set
179 787 261 852 no'n
279 775 455 850 existente
473 788 648 868 peccaro,
674 786 736 843 aut
754 791 837 867 erge
854 771 1045 850 humanum
1065 797 1179 875 genus

119 898 243 954 amore
264 875 492 951 moriendum
515 875 566 948 iili
584 869 713 946 fuiffet.
765 871 866 947 Adi
887 875 964 947 haec
982 898 1057 950 non
1077 875 1181 952 fecis·
1204 911 1207 918 ·

118 979 189 1070 set,
216 976 362 1050 minime
384 971 501 1048 ruisset
525 971 784 1072 primogenitus
810 989 855 1045 ex
879 979 1045 1052 mortuis.
1097 973 1181 1053 Dis·

119 1075 330 1170 quirendum
349 1075 506 1168 utillud,
533 1094 619 1148 num
642 1073 740 1145 forte
762 1075 868 1147 etiam
883 1073 1038 1151 hominis
1059 1074 1180 1174 ptstor

118 1178 261 1251 futurus
278 1181 356 1248 nori
376 1188 476 1265 erat,
502 1173 527 1248 ir
545 1188 774 1267 comparatus
789 1173 901 1247 homo
914 1176 1084 1268 jumentis
1102 1179 1182 1253 inst-

119 1271 300 1372 p'ientibus
315 1295 392 1348 non
410 1272 548 1366 fuiiiet,
574 1293 693 1365 neque
712 1271 827 1346 similis
840 1274 910 1347 illis
928 1274 1052 1364 fedius.
1083 1267 1191 1356 Nam*

119 1377 143 1453 fi
159 1376 347 1466 homines,
373 1373 407 1447 ἀ
416 1375 578 1465 iumenta
596 1376 714 1448 servat
732 1371 854 1462 Deur3
877 1373 1003 1449 ¹servm
1019 1391 1097 1468 quae
1112 1373 1182 1500 fer-

120 1489 183 1550 vat
196 1477 380 1568 jumenta,
400 1475 468 1546 iilis
489 1474 659 1548 donando
676 1473 877 1566 pastorem,
894 1496 972 1567 quae
986 1495 1108 1572 regem
1124 1497 1183 1551 ca·

120 1570 1183 1769 tritiumtiitifistttpiiiiritiit?

589 1725 602 1765 ‚
1167 1723 1182 1738 .

121 1775 253 1866 serint,
280 1793 357 1864 quer
379 1775 469 1844 tales
487 1793 528 1844 ac
545 1785 654 1846 tantae
670 1792 746 1845 non
771 1771 936 1867 iuiiierrt,
960 1774 985 1849 ss
1011 1776 1047 1847 in
1071 1779 1185 1851 beati·
1245 1765 1248 1778 '
1283 1791 1286 1802 “

122 1889 196 1950 tate
220 1871 324 1952 unm
352 1869 565 1965 incepiffeut
590 1871 624 1944 u
645 1870 936 1965 perseverarent.
988 1873 1083 1949 Nam
1111 1878 1186 1952 for·
1282 1941 1284 1948 .

123 1973 208 2060 tetre
232 1972 307 2048 sola
332 1969 528 2065 sapientia,
559 1973 622 2046 'vel
649 1972 756 2044 etiem
777 1972 968 2064 Verbum,
996 1977 1057 2046 vel
1082 1976 1183 2070 vita,

122 2091 230 2167 etque
248 2074 401 2146 omnino
417 2071 562 2146 veritat¹
570 2084 818 2165 permaneret,
845 2071 939 2145 haud
965 2085 1085 2146 tamen
1108 2096 1186 2150 om·

85 2215 89 2247 ι
122 2176 180 2248 nie
198 2176 266 2246 alia
281 2176 451 2260 nomine,
479 2191 557 2262 quae
570 2168 682 2244 nostri
698 2168 800 2243 causa
819 2169 1004 2263 assumpsit.
1044 2176 1184 2250 Verum

85 2251 91 2276 '
123 2278 310 2349 enimvero
340 2271 436 2345 beati
460 2269 532 2363 iili,
557 2271 618 2364 qui
639 2284 786 2367 egentes
808 2269 887 2355 filio
909 2271 984 2345 Dei
1005 2269 1191 2370 ejusmodi·
1219 2277 1225 2286 “
1295 2300 1299 2307 ·

122 2376 239 2466 fuere,
256 2387 298 2444 ut
315 2374 351 2444 in
369 2370 550 2466 posterum
567 2390 644 2444 non
661 2373 1001 2469 eguerint-medico,
1016 2379 1075 2467 qui
1091 2379 1185 2451 maie

125 2472 273 2547 effedior
291 2484 447 2561 curaret,
465 2489 583 2561 neque
598 2470 755 2567 pastore,
773 2492 890 2563 neque
909 2474 1184 2569 redemptione3

124 2573 181 2665 sed
196 2572 388 2667 sapientia,
416 2572 449 2641 dt
468 2564 609 2661 ver-iio,
637 2591 679 2641 ec
695 2568 938 2663 justitie,·vel
955 2572 1076 2665 siquid
1091 2576 1187 2649 aliud

126 2672 259 2765 estiis,
286 2673 344 2762 qui
366 2673 415 2744 ob
433 2667 689 2764 perfeffionem
711 2671 949 2762 pulcherrima
968 2694 1116 2767 quaeque
1133 2676 1187 2769 ip·

124 2774 190 2860 spus
203 2774 392 2867 percipere
410 2771 545 2842 valent.
571 2768 641 2843 Sed
659 2769 737 2843 haec
757 2767 929 2845 sufficiant
946 2772 990 2845 de
1004 2795 1065 2868 eo,
1086 2770 1192 2867 quod

125 2872 292 2969 scriptum
313 2871 380 2943 est:
411 2874 450 2941 In
467 2874 634 2965 principio.
1054 2892 1057 2897 ·

190 2972 260 3066 23.
299 2971 496 3043 Videamus
518 2986 618 3042 nunc
644 2968 848 3063 diligentius
876 2971 1036 3077 quisnam
1059 2970 1101 3044 stt
1128 2966 1188 3045 hie

125 3084 251 3169 moe,
277 3068 411 3165 (idest
431 3070 605 3167 verbum,
632 3068 690 3141 seu
707 3070 823 3162 ratio,
850 3088 928 3160 quae
944 3077 982 3142 in
999 3070 1190 3166 ipso'prin·¹

126 3174 222 3268 cipio
248 3168 317 3243 effe
345 3160 487 3243 dicitur.
540 3168 665 3259 Atque
686 3168 879 3265 equidem)
898 3172 1087 3263 reputanti
1103 3172 1189 3246 mihi

128 3288 289 3366 queram·
310 3268 519 3359 frequenter
542 3268 711 3340 dicuntur
734 3267 779 3340 de
803 3266 944 3342 Christo
967 3273 1010 3342 ab
1036 3271 1098 3363 iis,
1127 3270 1188 3362 qui

127 3374 162 3447 in
173 3370 286 3467 ipsum
307 3369 454 3441 eredere
471 3368 617 3450 volunt,
636 3370 751 3441 mirari
768 3366 862 3441 subit·
877 3388 1022 3442 curnam
1042 3371 1188 3443 tandem

128 3470 290 3565 imposita
302 3470 451 3542 nomina
467 3467 655 3541 Servatori
670 3467 816 3558 nostro,
840 3487 918 3559 quae
930 3469 993 3541 vix
1009 3470 1188 3543 numerari

128 3568 287 3667 poffunt,
320 3570 530 3661 plerumque
552 3570 587 3641 hi
611 3568 753 3640 silentio
780 3580 1054 3659 pertranseant,
1081 3568 1189 3661 atque

129 3675 231 3745 etiem
246 3668 272 3743 ii
290 3686 419 3740 eorum
435 3667 574 3739 mentio
591 3664 681 3738 faita
696 3666 818 3754 fuerit,
836 3668 895 3738 iila
911 3668 1099 3744 immutant
1112 3690 1190 3743 non

92 3771 97 3813 ³
129 3770 294 3865 proprie,
321 3762 380 3839 sed
399 3768 560 3857 tropice,
588 3763 704 3861 Jesum
720 3765 774 3838 his
796 3766 1001 3840 nominibus
1019 3770 1190 3861 appellari

131 3872 309 3945 dicentes:
335 3866 373 3937 in
398 3864 470 3937 sola
494 3880 613 3939 autem
635 3866 877 3957 appellatione
899 3866 1014 3940 Verbi
1034 3867 1191 3940 insistens

88 3923 107 4394 ι
130 3978 197 4069 ter,
210 3966 327 4045 veluti
341 3965 455 4040 solum
473 3964 638 4042 Verbum
656 3962 812 4039 astruant
828 3962 897 4039 effe
909 3963 1085 4041 Christum
1098 3966 1195 4052 Deir

209 4086 224 4115 ⁴
1063 4079 1140 4140 'noli
