2817 4575
158 385 162 402 '
213 415 216 422 ·
297 397 704 500 rnJoannnn.
736 353 1037 481 ronne'rn
1123 403 1209 495 epr

125 560 271 638 difficile
293 564 533 655 interpretari.
584 561 621 635 Si
648 564 742 636 enim
763 565 815 644 is,
841 566 900 656 qui
918 563 1211 640 facitnolunta·.

124 679 201 748 tem
221 657 344 750 'Patria
357 664 417 754 qui
434 663 470 737 in
494 663 592 737 coeiia
606 662 677 756 est,
705 667 779 756 ejus
799 663 899 737 est&
919 663 1053 759 stater,
1080 661 1113 735 dr
1135 662 1190 738 so·
1302 747 1304 752 ,

125 783 212 855 ror,
240 760 433 850 &maten
468 761 639 835 &fratris
664 762 792 836 Christi
817 783 951 837 nomen
974 783 1058 852 non,
1075 761 1189 840 solum

127 862 171 934 ed
189 880 302 956 genus
326 861 513 938 hominum
538 863 659 949 venit,
685 861 868 940 sedetiam
889 863 933 935 ad
952 882 1017 955 ea,
1044 883 1121 955 quae
1139 884 1188 938 eo
1238 907 1245 921 ι

127 961 308 1034 diviniora
327 959 425 1048 sunt;
450 962 546 1038 nihii
559 963 631 1054 jam
652 960 835 1036 absurdum
855 964 1081 1054 alienumque
1105 963 1190 1055 erit,

127 1063 208 1155 plue
227 1062 333 1133 etiarn
352 1081 454 1151 quam
476 1081 562 1153 eos,
589 1062 648 1152 qui
668 1062 766 1152 quod
785 1061 920 1151 Patris,
947 1056 1006 1153 qui
1028 1062 1065 1135 in
1091 1064 1187 1136 caelia

126 1160 201 1251 est,
228 1161 457 1233 voluntatem
480 1160 635 1248 saciant,
663 1159 791 1234 Christi
814 1164 1202 1254 mater·appellantur,·

125 1271 277 1336 matrem
296 1257 365 1332 esse
380 1257 534 1334 sanetum
553 1261 731 1354 Spiritum.
750 1258 769 1356 ]
822 1261 882 1333 Ad
897 1262 974 1335 haec
990 1279 1188 1353 queramus

127 1358 337 1453 oportet&
360 1361 419 1431 ilia
442 1361 479 1432 in
506 1360 580 1433 hoc
604 1359 754 1435 dissum:
782 1365 971 1455 Omnialper
986 1360 1085 1457 ipsum
1094 1358 1190 1453 sassa
1222 1381 1224 1386 ·

125 1462 215 1549 pent.
266 1456 393 1531 Sermo
415 1458 659 1533 inteslediione
680 1462 788 1535 animi
814 1463 902 1534 alius
921 1458 1010 1533 esta
1028 1460 1128 1552 vita,
1154 1459 1190 1532 dr

128 1561 207 1658 quod
219 1554 346 1650 fassum
361 1557 399 1653 est
413 1563 451 1627 in
467 1557 661 1652 Sermone,
687 1570 762 1630 vita
781 1578 870 1645 erat,
898 1560 935 1636 Θ
951 1565 1111 1631 viruerat
1129 1560 1190 1632 suar

129 1663 302 1734 seminum.
354 1659 412 1728 An
432 1659 539 1751 igitur
560 1672 601 1730 ut
624 1662 746 1733 omnia
767 1681 831 1751 per
848 1660 959 1751 ipsum
983 1659 1072 1732 sassa
1094 1659 1190 1750 sunt,

129 1761 175 1834 dc
193 1761 302 1833 etiarn
317 1758 392 1828 vita
407 1778 472 1849 per
491 1756 601 1849 ipsum
617 1757 708 1830 satta
728 1758 804 1851 est,
831 1780 907 1852 quae
926 1760 977 1846 est
993 1760 1055 1831 lux
1073 1759 1189 1835 homi·
1219 1811 1221 1814 ψ

130 1879 237 1948 nutn,
264 1856 298 1929 δι
323 1857 397 1928 asiae
427 1855 630 1930 servatoria
656 1857 938 1931 intelleiiiones:
978 1860 1038 1931 vel
1068 1861 1191 1931 omnia

132 1954 330 2053 peripsum
356 1952 445 2028 fasir
471 1954 571 2028 fuisse
592 1959 793 2053 intelligere
817 1977 910 2050 opus
933 1955 999 2045 est,
1026 1954 1191 2030 aetnaeis
1291 2007 1294 2014 -

123 2058 208 2150 ¹hia,
235 2076 313 2148 quar
339 2056 374 2128 in
402 2055 478 2149 ipso
500 2054 606 2129 sunt?
633 2057 732 2148 quod
754 2056 839 2131 mihi
857 2055 982 2152 melius
1001 2053 1070 2130 effe
1092 2057 1192 2132 vide·

131 2171 197 2230 tur.
251 2154 307 2228 Ut
326 2157 420 2229 enim
444 2158 667 2228 concedatur
691 2155 802 2250 ipsum
824 2155 945 2230 fecisse
972 2156 1115 2250 omnia,
1142 2175 1190 2229 eo

135 2255 231 2350 quod
244 2253 322 2327 vita
338 2259 438 2347 (que
452 2253 503 2327 est
518 2258 580 2330 lux
602 2256 820 2354 hominum)
837 2253 927 2331 fana
950 2256 1079 2340 fuerit,
1096 2253 1192 2348 quid

85 2370 87 2407 ³
134 2356 322 2430 dicendum
333 2356 376 2427 de
390 2353 569 2447 sapientia,
582 2377 657 2448 quae
672 2366 755 2430 ante
765 2354 876 2450 ipsum
892 2357 1091 2430 sermonem
1104 2372 1200 2430 con·¹

135 2450 329 2531 sideratur?
346 2456 384 2527 N
387 2476 440 2527 arn
451 2455 615 2548 profesio
625 2478 690 2549 per
699 2454 898 2531 sermonem
908 2454 1037 2529 sedium
1045 2475 1121 2530 non
1130 2453 1195 2545 est,

85 2624 87 2629 .
135 2554 614 2649 quodexcellitsermonem.
642 2557 764 2652 Quare
780 2558 901 2631 omnia
915 2575 981 2648 per.
993 2554 1195 2651 ¹sermonem

134 2653 250 2733 Deum
260 2653 349 2727 fasir
361 2651 453 2744 sunt,
470 2669 598 2745 praeter
609 2675 664 2745 ea,
679 2676 755 2746 quae
766 2654 1034 2731 considerantur
1044 2657 1080 2729 in
1093 2652 1194 2741 Chris

134 2754 211 2847 sto,
239 2756 321 2849 quia
342 2751 447 2824 Pater
465 2750 593 2826 fecerit
615 2775 656 2826 ea
675 2757 712 2828 in
731 2753 920 2849 sapientia:
954 2759 1070 2824 Omnia
1087 2758 1193 2849 enim,

136 2854 268 2947 lnquit,
287 2859 323 2922 in
332 2852 493 2946 sapientia
503 2853 624 2946 secessi,
643 2874 718 2926 non
737 2875 802 2947 per
820 2853 1026 2949 sapientiam
1041 2850 1166 2926 iecisti.

85 2968 89 3011 r
208 2977 242 3047 7.
269 2944 467 3026 Videamus
487 2954 592 3027 etiam
617 2974 723 3046 quarn
741 2955 789 3026 ob
810 2975 885 3026 rem
901 2951 1031 3026 ditium
1055 2951 1118 3041 srt;
1141 2952 1195 3053 Et

85 3032 88 3069 '
134 3056 197 3147 pm
219 3054 283 3150 app
294 3051 421 3144 fanum
438 3051 478 3149 ep
497 3055 605 3144 niret,
631 3055 740 3125 etiam
758 3053 782 3125 n
802 3054 1010 3144 quibusdam
1029 3052 1194 3133 noeane

136 3151 350 3247 superfluum
369 3150 438 3225 esse
456 3153 563 3228 illud:
588 3156 668 3223 Sine
687 3151 749 3249 ipso
758 3151 886 3245 fesium
903 3152 943 3251 ⁶ss
958 3153 1068 3241 nihii,
1095 3152 1196 3244 quod

138 3252 357 3346 subjungitur
375 3252 585 3325 his'verbist
613 3257 729 3322 Omnia
742 3274 800 3348 per
815 3254 914 3349 ipsum
922 3251 1017 3345 saiso
1030 3250 1119 3342 [unt.
1157 3250 1195 3323 Si
1285 3296 1287 3301 ·

90 3434 93 3439 ,
136 3372 244 3427 omne
266 3352 298 3422 dt
319 3351 486 3441 quicquid
506 3351 637 3423 dixeris
660 3372 724 3446 per
743 3350 944 3428 sermonem
962 3350 1092 3443 fesium
1111 3348 1196 3443 fuit,

135 3452 220 3527 nihil
243 3449 315 3524 sine
335 3449 497 3524 sermone
517 3449 645 3523 fesium
665 3453 756 3544 fuit,
784 3467 903 3527 tamen
926 3472 1002 3525 non
1023 3446 1192 3540 sequitur,
1241 3452 1260 3559 'J

137 3550 255 3627 srsme
276 3546 439 3623 sermone
463 3571 540 3623 non
567 3549 697 3626 setium
725 3550 776 3626 est
798 3552 949 3643 aliquid,
984 3551 1104 3623 omnia
1128 3571 1193 3643 per

138 3650 336 3726 sermonem
356 3647 445 3721 satia
469 3649 580 3724 fuisse.
633 3650 727 3725 Nam
750 3649 829 3724 fieri
857 3649 997 3744 potest,
1022 3646 1085 3741 ut,
1113 3669 1195 3724 cum

85 3750 88 3839 i
137 3753 224 3825 nihil
242 3748 315 3823 srne
332 3745 493 3825 sermone
515 3748 644 3825 fesium
668 3751 802 3840 fuerit,
828 3771 904 3822 non
922 3764 1060 3822 tantum
1076 3753 1197 3825 omnia

85 3846 1090 4047 ienitens&riissssniiassnsssinff
1108 3846 1197 4037 ns.
1294 3888 1297 3903 ’

85 4058 87 4111 i
141 4048 218 4133 riam
235 4048 342 4145 pasto
359 4047 524 4142 accipere
540 4049 734 4126 debeamus
750 4050 1006 4144 vocatorem,
1028 4051 1162 4127 omnies
1177 4043 1221 4114 R

85 4142 88 4177 ²
610 4152 695 4256 L3
979 4144 1190 4248 quomodo
1243 4155 1245 4158 ·
