2817 4575
134 367 144 414 ι
280 301 1038 434 ¹ica-Joncacaeniao'tllcis''·'11.‘
1138 339 1209 437 ,ἡ

141 519 236 574 vero
252 493 414 596 Baptistae
431 498 671 594 testimonium
685 492 814 598 (quod
835 500 961 595 incipit
974 502 1018 574 ab
1038 501 1106 574 illis
1123 522 1207 577 vec-

141 602 220 674 bisc
246 603 319 694 Qui
337 602 401 698 pasl
422 606 599 696 mevenit,
625 616 702 670 ante
724 624 772 669 me
791 599 900 689 salius
927 602 987 696 esi,
1017 601 1048 672 dc
1078 601 1234 676 definiti

142 701 181 774 in
205 700 264 773 illa
289 704 423 792 verba,
451 702 507 772 ibe
526 698 726 795 enarravit)
750 701 856 774 etiam
883 701 957 774 hoc
977 700 1027 774 est
1048 701 1207 776 testimo·

140 801 242 874 nium
267 800 418 896 Joannis
446 798 637 894 postillud
658 799 876 893 secundum,
903 801 1046 892 quando
1062 802 1104 888 cd
1124 822 1204 896 eos,
1261 854 1266 870 .

141 902 204 990 qui
223 896 392 974 miserunt
414 920 458 971 et
483 898 746 992 Hierosolymis
768 899 980 973 Sacerdotes
1004 902 1034 972 n
1053 899 1205 976 Levitae

142 999 283 1096 (Judaei
299 1018 429 1093 nempe
448 998 616 1073 miserunt
636 998 770 1093 illos),
796 999 950 1093 fatetur,
975 1019 1051 1072 non
1071 1008 1204 1096 negans

141 1115 294 1190 verum,
313 1101 411 1189 quod
428 1099 500 1191 ipse
514 1119 589 1172 non
606 1096 692 1171 ellet
709 1100 769 1172 ille
785 1098 958 1192 Christus,
975 1120 1093 1190 neque
1107 1098 1204 1176 Elias
1248 1117 1254 1131 “

140 1217 263 1291 neque
281 1197 464 1292 Propheta
482 1199 561 1293 ille,
588 1195 646 1271 sed
662 1204 733 1272 Vox
744 1203 910 1271 clamantis
925 1206 961 1270 in
974 1203 1110 1289 deserta:
1140 1206 1205 1270 tit·-

141 1305 236 1392 tigite
260 1305 350 1398 viam
375 1303 532 1381 Domini,
555 1298 635 1391 ficut
655 1301 740 1372 dixit
760 1297 870 1388 Esaias
901 1303 1066 1395 Propheta.
1119 1298 1204 1373 Post

139 1399 218 1473 haec
234 1417 327 1471 vero
344 1398 437 1471 aliud
450 1397 553 1491 ipsius
569 1398 735 1491 Baptistae
748 1398 793 1472 de
809 1398 951 1474 Christo
963 1400 1206 1474 testimonium
1275 1397 1279 1408 '

141 1498 213 1591 est,
242 1499 340 1600 quod
359 1499 470 1571 docet
492 1502 597 1573 etiam
622 1500 726 1593 ipsius
752 1502 965 1594 pcaecipuani
989 1497 1205 1593 hypostafint

138 1599 401 1692 pervadentem
418 1600 454 1671 in
473 1609 616 1672 oninetn
633 1601 802 1673 mundum
822 1613 975 1693 propter
998 1604 1130 1673 animas
1152 1619 1206 1672 ra·-

141 1699 255 1772 tionis
276 1719 446 1790 capaces,
472 1718 552 1774 cuna
570 1699 703 1791 inquit:
734 1704 773 1771 ln
789 1704 885 1770 metio
901 1700 997 1796 aesica·
1006 1703 1089 1797 stat,
1114 1723 1206 1796 quem

142 1822 200 1870 cim
217 1800 368 1890 nescitis,
392 1805 450 1895 qui
464 1798 525 1893 pasl
543 1804 721 1890 mevenit,
746 1804 837 1895 cujus
853 1824 919 1871 nun
930 1801 1001 1889 sum
1016 1826 1065 1892 ega
1082 1804 1206 1893 dignus,
1307 1789 1313 1804 ’

143 1900 318 1988 aestivam
332 1905 497 1993 corrigium
514 1901 714 1969 calceamenti
728 1904 809 1996 ejuc.¹
833 1899 886 1971 At
899 1899 1099 1990 confidere,
1117 1920 1206 1976 num

143 1999 228 2092 quia
255 1999 379 2071 corin
404 1999 523 2071 medio
548 1999 662 2071 totius
683 1997 725 2071 sn
748 1998 934 2092 corporis,
960 2000 1068 2090 inque
1091 1999 1206 2071 corde

144 2099 272 2173 'animae
295 2100 536 2191 principatus,
561 2099 669 2189 illud,
697 2098 794 2187 quod
821 2098 887 2171 ait:
924 2101 966 2171 In?
990 2102 1087 2171 madio
1109 2098 1207 2194 auiti
1320 2145 1335 2168 ,

136 2201 223 2297 set,
250 2222 340 2295 quem
363 2223 419 2268 aas
442 2202 593 2291 nescitis,
619 2198 772 2294 intelligi
796 2199 901 2291 polilt
923 2198 1043 2291 ratio,
1070 2217 1146 2287 quae
1168 2197 1208 2274 in

129 2318 370 2393 ‘unoquoque
393 2297 455 2374 cst.
507 2303 686 2396 Quartum
713 2318 804 2372 vero
827 2298 975 2397 Joannis
998 2298 1042 2371 de
1065 2296 1227 2389 Christo.=

145 2398 198 2474 est
214 2396 456 2473 testimonium
475 2401 661 2473 humanam
677 2398 782 2493 ipsius
804 2401 911 2474 etiam
932 2398 1120 2493 pasionem
1137 2397 1211 2497 jam

147 2494 375 2592 describenS,
403 2518 483 2571 cum
507 2501 612 2572 dicit:
641 2501 718 2569 Ecce
740 2524 839 2593 agnus
859 2501 913 2570 ille
934 2506 1019 2586 Dei,
1047 2506 1102 2596 qni
1120 2496 1209 2573 cattle

123 2654 127 2661 .
144 2617 301 2699 peccatum
318 2602 439 2671 mundi.
495 2603 555 2668 Hic
574 2599 631 2693 es,
657 2602 693 2670 de
712 2624 770 2695 qua
787 2601 937 2670 dicebam:
966 2600 1032 2697 Pas
1049 2624 1095 2668 me
1114 2604 1210 2671 venit

147 2707 228 2789 vir,
242 2704 310 2796 rqii
336 2716 411 2770 ante
434 2723 480 2768 me
507 2697 652 2793 exsilit,
680 2698 970 2794 quia-banoratior
989 2724 1035 2768 me
1056 2719 1142 2770 erat:
1169 2700 1217 2774 ὕ·

109 2867 120 2887 Α,
148 2798 198 2897 ega
222 2800 391 2891 nesciebam
413 2822 498 2870 eum:
519 2800 572 2888 secl
592 2815 629 2869 ut
652 2798 838 2897 maniscslus
848 2802 947 2890 seret
968 2799 1098 2887 Israeli,
1115 2814 1213 2895 prop·
1247 2803 1260 2815 '

149 2918 236 2975 terea
254 2904 334 2971 neni
347 2923 420 2993 ega,
448 2906 483 2968 in
502 2925 582 2998 aqua
605 2899 788 2996 baptizant.
815 2930 817 2935 ’
838 2900 915 2996 Jam
940 2897 1101 2990 quintum
1118 2896 1212 2971 testi·

147 3002 312 3077 monium
329 2995 536 3094 inscriptum
560 2997 662 3074 estin
684 3002 806 3074 verbis
830 3001 918 3073 illis:
950 3001 1029 3072 Viti
1050 3002 1231 3093 Spiritum.
1281 3087 1283 3093 ,

86 3184 89 3191 ¹
149 3102 375 3189 descendentem
392 3102 471 3195 scut
488 3103 654 3171 columbam
675 3125 689 3169 e
709 3102 797 3187 cela,
824 3097 863 3175 ct
885 3099 1001 3195 mansit
1014 3100 1106 3194 super
1130 3122 1212 3174 eum.

85 3242 89 3295 2
153 3204 202 3275 Et
223 3225 358 3297 egumia
380 3224 528 3273 noveram
551 3225 637 3269 eum:
659 3199 712 3287 sed
732 3204 788 3298 qui
811 3199 894 3297 mist
914 3224 961 3272 me
980 3202 1018 3270 cd
1040 3202 1214 3294 baptizan-

152 3303 226 3375 dum
243 3314 282 3373 in
305 3326 409 3399 aque:
438 3302 491 3373 ille
513 3302 596 3369 mibi
612 3303 718 3370 dixit:
743 3304 844 3397 Super
860 3324 950 3397 quem
966 3302 1086 3371 videtis
1107 3304 1214 3397 Spiri-

153 3420 224 3476 tum
248 3402 476 3491 descendentem
499 3401 539 3478 (J
562 3416 740 3471 manentem
762 3400 853 3498 super
879 3425 969 3491 eum,
995 3401 1047 3471 bic
1073 3400 1132 3496 es,
1159 3403 1233 3497 qui·

155 3505 369 3603 baptizatam
393 3507 524 3600 Spiritu
545 3497 665 3590 sanilo.
720 3500 768 3572 Et
786 3525 834 3596 age
852 3503 944 3588 vidi,
971 3500 1009 3577 dy
1034 3500 1216 3598 testificaret
1306 3539 1309 3545 ·

149 3606 239 3697 mm,
265 3591 542 3693 bunceffefiliam
561 3606 636 3676 Dei.
686 3596 916 3675 Portosexta
933 3598 1218 3693 J'anivicetesti·
1284 3680 1287 3690 ¹

153 3705 318 3782 monium
336 3702 503 3796 perhibet
519 3698 667 3775 'Christo
688 3702 725 3774 in
744 3700 886 3775 duobus
910 3699 1086 3792 discipulis
1110 3698 1219 3793 Joan·

156 3824 244 3899 nee,
271 3822 354 3878 cum
370 3807 516 3872 intuitae
532 3804 642 3898 Jesum
657 3803 886 3889 ambulantem,
916 3806 1047 3897 inquit:
1077 3802 1153 3872 Ecca
1168 3826 1219 3893 ag·

157 3906 298 3976 neritia
317 3906 392 3978 Dei.
443 3899 528 3977 Post
554 3901 652 3994 quod
675 3900 916 3977 testimonium
942 3920 1022 3973 ccun
1048 3897 1220 3999 audibant

85 4096 87 4109 Ι
159 4006 235 4081 duo
260 3999 428 4101 discipuli·
447 3996 888 4179 Jne'nnent‚l·)sequutiqctc‘
905 3996 1054 4108 bullient
1073 3996 1234 4185 length„

191 4142 196 4159 ¹
343 4168 347 4175 .
694 4114 723 4178 2
1025 4121 1145 4174 conant
1163 4117 1201 4163 m
