2817 4575
236 463 241 472 ·
354 417 748 534 tu'JOAN-itst'nt
784 425 995 544 TOMUS
1032 431 1083 516 II.
1170 449 1240 539 149·

168 599 401 699 justificabitur
420 606 457 670 in
482 596 649 697 eonspasie·
668 615 725 670 rire
749 604 850 669 omnis
872 604 1006 688 usuam,
1038 619 1115 675 non
1138 602 1244 692 enim·

172 702 370 793 generatim
394 701 502 793 dixit,
528 703 644 774 omnis
669 700 805 777 homo,
830 699 904 773 sive
921 702 1037 774 omnis
1057 701 1243 796 Angelurp

170 799 230 872 sed
251 805 353 870 omnis
375 807 511 882 vivens,
547 801 714 889 quoniam
741 799 847 874 etiam
876 798 951 874 sive
966 802 1061 870 *vitae
1085 802 1161 890 quis
1188 798 1231 874 sit

170 900 372 992 particeps,
394 899 695 980 &mortalitatem
713 898 856 991 prorsus
875 898 1084 990 excusserit,
1106 899 1153 974 sie
1169 919 1238 972 nea·

172 1017 243 1088 que
269 1005 319 1069 tui
341 999 610 1086 comparatione
624 997 804 1092 justificari
823 1000 980 1090 poterit,
1005 1000 1154 1090 perinde
1179 997 1241 1070 'ati

168 1117 240 1188 que
260 1099 347 1179 vita.
397 1097 528 1188 Neque
552 1096 627 1170 sieri
653 1098 793 1191 potest,
819 1112 860 1169 ut
885 1103 943 1189 qui
966 1102 1147 1192 particeps
1176 1095 1237 1172 est·

168 1197 278 1287 vitae,
307 1198 405 1270 &ob
425 1199 497 1269 hoc
515 1199 643 1270 vivens
661 1201 882 1288 nominatur,
909 1197 982 1290 ipse
996 1198 1037 1270 stt
1054 1201 1142 1286 vita,
1159 1197 1229 1270 nee

166 1297 227 1388 qui
245 1315 397 1389 compos
417 1296 467 1368 est
478 1296 639 1388 justitiae,
658 1299 689 1369 &
705 1298 842 1371 ideirco
856 1297 967 1391 justus
985 1298 1134 1385 dieitur,
1151 1315 1229 1369 om.-

163 1397 255 1470 nino
271 1395 333 1490 ipsi
347 1395 488 1488 justitiae
503 1398 707 1489 aequiparari
723 1402 871 1488 poterit.
905 1398 980 1491 Jarn
998 1416 1090 1467 vero
1106 1415 1228 1486 quem·

165 1495 359 1569 admodum
380 1495 421 1566 ad
440 1493 508 1567 Dei
530 1497 739 1569 Sermonem
765 1505 921 1588 pertinet
942 1497 1100 1587 judicare
1122 1499 1157 1567 in
1173 1492 1227 1592 ju·
1322 1535 1324 1540 ·

161 1591 277 1685 stitia,
304 1597 353 1666 ita
377 1596 483 1667 etiam
510 1597 551 1667 ad
575 1595 683 1687 ipsum
711 1597 869 1686 pertinet
888 1598 1020 1668 beilum
1042 1615 1166 1692 gerere
1188 1596 1227 1670 iu

160 1689 315 1792 justitia:
342 1707 382 1766 ut
404 1715 447 1765 ex
470 1715 541 1783 ee,
569 1696 667 1785 quod
686 1696 815 1766 dieitur
836 1717 1043 1789 oppugnare
1068 1697 1163 1768 hunc
1187 1695 1225 1769 iu

162 1795 334 1885 moduni,
367 1794 428 1884 ipsi
453 1793 616 1865 Sermoni
644 1791 837 1885 &justitie
861 1797 1046 1882 inimicos,
1081 1793 1225 1868 sublatis

161 1891 244 1983 his,
272 1894 331 1982 qui
358 1915 376 1963 a
401 1895 542 1964 ratione
565 1893 644 1965 stint
669 1894 793 1979 alieni,
820 1893 853 1964 δι
877 1894 1042 1983 injustitia
1066 1892 1199 1966 sublata
1209 1885 1234 1983 ,'

161 1993 342 2066 inhabitet
365 1992 396 2061 si
417 1989 602 2082 justificet:
631 1994 815 2085 expellens
842 1987 1019 2065 contraria
1041 1995 1083 2065 ab
1109 1996 1225 2066 anima

161 2091 270 2182 iilius,
298 2092 357 2181 qui
377 2089 493 2163 salutis
512 2092 611 2164 causa
626 2093 689 2189 (ut
707 2093 755 2163 ita
773 2091 907 2187 dicam)
930 2096 1094 2183 captivus
1110 2089 1224 2163 fastus
1260 2087 1266 2114 ¹

158 2188 212 2264 est
229 2187 416 2263 acirristo.
441 2190 510 2264 Sed
527 2195 683 2284 apertius
701 2211 848 2263 cernere
866 2190 1044 2282 possumus
1062 2190 1226 2265 hocSer·

164 2293 284 2364 monis
301 2292 554 2383 bellum,quod
573 2294 832 2387 gerit,quando
853 2291 925 2384 ipse
947 2293 1087 2383 quidem
1108 2291 1225 2385 fungi·

159 2406 218 2461 tur
243 2392 425 2485 legatione
446 2412 511 2482 pro
537 2395 716 2481 veritate,
744 2393 832 2462 alter
852 2402 966 2481 vero,
994 2392 1145 2482 quinon
1169 2386 1222 2463 est
1326 2428 1328 2433 ·

159 2488 308 2580 Serm0,
334 2488 393 2561 sed
418 2488 519 2585 singit
544 2490 579 2563 se
598 2491 667 2564 esse
684 2490 911 2565 Sermonem:
939 2491 1098 2581 itemque
1120 2488 1220 2563 simu·

161 2586 414 2679 iata'veritaa,
441 2607 518 2679 quae
541 2610 618 2663 non
642 2590 692 2661 est
719 2592 872 2682 veritae,
899 2589 957 2662 sed
981 2590 1219 2683 mendacium

160 2689 331 2781 praedicat
353 2687 388 2761 se
412 2687 482 2759 esse
498 2688 603 2780 ipsam
621 2690 823 2762 veritatem.
874 2688 983 2763 Tunc
1002 2691 1095 2761 enim
1112 2708 1233 2767 arma·¹

161 2800 218 2861 tus
236 2784 364 2861 Sermo
382 2803 511 2859 contra
526 2789 772 2880 mendacium,
798 2788 884 2860 iliud
905 2786 1077 2860 interficit
1099 2785 1230 2882 spiritu¹

162 2889 235 2959 oris
262 2886 331 2975 sui,
359 2887 392 2959 St
415 2887 561 2959 destruit
583 2890 806 2983 apparitione
825 2886 1017 2983 presentie
1044 2885 1121 2958 suae.
1172 2884 1237 2975 Et¹

161 2978 246 3058 vide
269 3006 314 3058 an
338 2986 415 3058 haec
436 2987 837 3080 seeundum'spiritaiem
856 2985 990 3060 sensum
1008 2982 1231 3061 subinnuere'·

160 3087 319 3158 voluerit
338 3085 535 3178 Apostolus
562 3088 596 3159 in
618 3084 778 3180 Epistola
805 3086 847 3158 ad
872 3084 1237 3167 Thessalonicenses.··
1270 3116 1272 3121 ·

161 3186 258 3281 Quid
277 3187 377 3257 enim·
391 3185 464 3277 est,
489 3186 587 3275 quod
606 3185 726 3279 spiritu
749 3186 823 3259 orie
846 3183 972 3258 Christi
990 3182 1219 3277 interficitur,

160 3302 240 3357 turn
259 3282 416 3357 Christus
434 3285 474 3357 sit
487 3285 627 3377 Sermo,
646 3287 778 3358 veritas
798 3283 831 3357 ἃ
846 3284 1028 3377 sapientia,
1046 3284 1106 3357 nisi
1121 3304 1220 3357 men·

156 3380 328 3457 dacium?
381 3380 426 3455 Et
448 3385 531 3476 quid
556 3382 607 3455 est
625 3384 732 3477 iilud,
759 3384 855 3475 quod
873 3384 1062 3459 destruitur
1085 3381 1219 3474 appari·

160 3482 260 3555 tione
278 3482 470 3577 presentiae
488 3480 636 3577 Christi,
664 3488 722 3574 qui
742 3482 931 3577 sapientia,
946 3484 979 3555 u
993 3482 1117 3565 Sermo
1132 3500 1229 3553 con.

160 3580 347 3674 sideratur,
374 3581 435 3654 nisi
459 3583 495 3655 id
521 3603 651 3675 omne,
679 3585 777 3673 quod
801 3581 994 3674 profitetur
1017 3581 1050 3653 se
1073 3578 1144 3653 esse
1170 3578 1218 3652 sa-

112 3694 126 3733 -’
162 3684 354 3773 pientiam,
378 3677 498 3753 unum
515 3701 607 3754 vero
631 3681 682 3757 est
707 3703 752 3753 ex
780 3684 874 3772 illis,
901 3684 1027 3772 quibus
1056 3700 1218 3773 compre·

159 3778 282 3853 itendit
298 3801 387 3867 eoa,
415 3782 568 3869 quinon
584 3779 663 3853 sunt
678 3778 855 3873 sapientes
875 3801 961 3853 vera
976 3779 1163 3872 sapientia,
1180 3781 1218 3851 in
1324 3814 1326 3819 ·

112 3884 118 3977 ',
160 3879 307 3952 vafritie
325 3876 512 3974 ipsorum?
565 3882 689 3976 Quare
711 3883 799 3955 mire
819 3900 859 3951 ac
880 3878 982 3973 supra
1003 3880 1151 3952 modum
1174 3878 1219 3949 de
1250 3884 1255 3891 “

112 3988 116 4109 j
161 3976 333 4055 Sermone
358 3974 525 4051 differens
550 3980 733 4074 Joannes,
761 3979 820 4072 qui
841 3996 937 4070 equo
958 3981 1042 4053 albo
1064 3977 1226 4052 venepa-

112 4130 115 4185 ,
164 4080 238 4173 tur,
264 4078 381 4171 iuquit
401 4078 505 4155 eriam
523 4078 630 4159 siiud:
666 4082 760 4152 Oculi
780 4096 887 4160 rutam
907 4085 977 4187 ejru
996 4075 1254 4174 uelat-Samma

658 4182 699 4269 K
725 4206 748 4285 3
1111 4177 1228 4274 ignita,
