2817 4575
250 355 254 360 ·
307 341 371 428 tn
405 289 697 447 Jonnnrn
737 313 942 420 nonos
980 343 1072 422 rr·
1112 335 1183 440 trs
1237 303 1241 318 '

124 517 202 592 dita
218 512 431 598 sstvocula,
461 511 647 597 hominum,
673 505 733 582 sed
746 506 932 582 hominum
951 506 1001 581 est
1015 510 1186 598 lun-vita

124 616 199 688 erit
218 614 323 686 etiam
342 615 418 683 vita
443 610 648 697 hominum,
676 627 828 699 quorum
851 608 957 684 etiam
975 611 1035 682 lux
1057 607 1124 682 est:
1144 609 1186 694 tr

125 717 163 786 in
189 725 360 802 quantum
386 709 436 782 est
465 711 565 800 vita,
591 707 660 781 diei
684 703 803 798 potest
824 705 998 781 servator
1022 727 1098 782 non
1123 708 1186 780 srbl

125 811 208 906 ipsr,
225 808 292 884 iod
309 811 384 883 aliis
402 811 502 899 vita,
529 827 679 902 quorum
698 804 749 879 est
765 808 869 879 etiam
888 808 960 880 lux.
1000 811 1087 880 ilaec
1105 806 1187 882 sane
1256 853 1259 860 ·

125 911 258 984 vitain
280 907 497 1004 nopp'(hoc
521 907 571 982 est
591 909 627 1008 in
644 905 714 980 Dei
735 901 862 1003 filio),
886 903 929 979 fit
944 906 1185 998 inseparabilis
1308 963 1315 977 .

127 1006 269 1102 abipso
288 1008 463 1099 existens,
480 1006 579 1082 srnrnl
601 1020 708 1098 atque
728 1003 818 1080 fatie
834 1004 962 1093 fuerit;
987 1006 1187 1099 praeexiltat

126 1110 226 1186 eninr
242 1119 347 1204 λογος
360 1103 425 1202 (id
444 1105 494 1180 est
508 1107 624 1180 sermo
641 1107 879 1200 sincratio),
896 1107 933 1180 in
953 1109 1066 1179 enimn
1077 1119 1188 1200 opor·

126 1224 204 1299 tet,
231 1207 420 1301 qui'ipsarn
442 1219 644 1303 expurget,
671 1203 956 1298 arpennum,
983 1205 1017 1279 ἀ
1039 1209 1083 1280 ab
1108 1205 1208 1299 ipso
1284 1291 1288 1301 Ι
1314 1257 1315 1262 ¹

127 1308 407 1402 provenientem
419 1307 682 1402 purgationem,
696 1307 795 1378 omni
811 1304 953 1399 prorsus
966 1307 1082 1382 ablate
1092 1323 1187 1380 mon

128 1403 331 1482 tificatione
354 1406 386 1478 ἃ
408 1402 634 1495 infirmitate,
659 1424 749 1495 porr
771 1403 976 1496 lincernque
994 1405 1069 1480 vita
1090 1407 1187 1500 inge·

128 1522 277 1580 neretur
303 1504 395 1600 apud
420 1524 586 1582 ornnem,
612 1505 672 1597 qui
693 1502 823 1576 fecerit
846 1502 993 1597 seipsum
1021 1525 1190 1599 capacem

129 1604 322 1691 sermonis,
342 1605 384 1677 in
405 1616 577 1696 quantum
599 1603 697 1675 Deus
713 1601 773 1677 est.
960 1635 962 1640 ·

187 1727 267 1796 ‚13.
305 1701 482 1777 C'aeterum
511 1702 585 1775 doo
613 1702 810 1795 singulatim
836 1701 1191 1797 observande-sunt,

131 1802 407 1894 differentiaque
428 1820 553 1875 eorum
576 1815 743 1874 accurate
762 1804 1011 1877 examinanda:
1039 1806 1192 1895 primurn
1261 1869 1266 1878 .

133 1904 277 1998 quidem
291 1915 397 1999 loyor
413 1899 479 1997 (id
496 1897 547 1974 est
560 1899 719 1991 sermo),
735 1900 832 1974 estin
848 1903 1043 1993 principio:
1061 1904 1190 1976 deinde

133 2003 234 2096 quod
253 2003 330 2075 vita
351 2008 386 2075 in
405 1999 577 2076 sermone.
627 1999 698 2072 Sed
715 1998 828 2074 sermo
849 1999 989 2091 quidem
1008 2004 1042 2073 in
1064 2001 1194 2096 princi·

133 2105 198 2197 pio
226 2121 303 2176 non
330 2100 381 2174 est
404 2097 534 2173 iatius:
560 2119 634 2173 nec>
653 2100 751 2175 eninr
778 2099 868 2190 fuit,
896 2100 1037 2192 quando
1061 2099 1193 2193 princi·-

133 2203 233 2297 pium
248 2202 358 2273 fuerit
374 2200 508 2292 absque
525 2197 738 2273 sermone&
754 2197 908 2292 ratione,
926 2220 1028 2291 qnam
1045 2201 1094 2272 ob
1112 2220 1193 2276 crof

135 2302 205 2376 sam
232 2302 381 2373 dicitur:
416 2306 455 2370 ln
477 2306 635 2395 principio
646 2301 746 2388 sermo
765 2316 845 2371 erat.
897 2301 948 2369 At
972 2320 1063 2372 vero
1088 2304 1135 2371 lta
1156 2303 1196 2377 iu

135 2416 237 2498 λογῳ
254 2399 384 2493 (idest
401 2398 613 2494 sermone),
630 2420 707 2473 non
723 2410 812 2493 eret,
829 2398 887 2475 sed
901 2397 990 2472 feria
1005 2400 1068 2494 est,
1087 2421 1197 2492 quan,-

132 2498 334 2593 'doqoidern
354 2501 428 2572 vita
449 2497 500 2575 est
526 2500 587 2571 lux
611 2500 821 2574 hominum:
854 2520 936 2572 curn
961 2503 1055 2575 eninr
1080 2504 1195 2577 homo

137 2601 299 2679 nondum
317 2597 424 2690 effet,
440 2617 557 2687 neque
572 2598 633 2673 lux
649 2599 834 2673 horninum
852 2612 946 2673 erat:
973 2601 1197 2677 considerata

138 2706 219 2774 luce
232 2698 416 2771 hominum
429 2749 438 2780 ,
452 2697 554 2787 juxta
567 2698 777 2770 relationem
794 2697 836 2768 ed
854 2699 1029 2773 hominen.
1083 2698 1198 2774 Caete-

138 2816 216 2874 rum
247 2818 356 2870 nemo
382 2817 449 2869 nos
479 2810 604 2890 urgeat
626 2810 723 2869 ratos
748 2817 817 2869 nos
844 2798 919 2869 haec
948 2801 1197 2889 temporaliter

140 2898 353 2986 enunciare,
382 2896 509 2967 ordine
530 2899 722 2989 exigente,
749 2898 899 2987 primurn
923 2897 957 2969 ἃ
982 2896 1199 2993 secundum,

141 3000 279 3091 &quo
305 2996 495 3089 deinceps,
522 2997 629 3069 etiem
655 2994 679 3069 ll
703 3009 845 3087 tempus
870 3017 945 3070 non
968 2999 1196 3090 invenietur,

142 3098 285 3193 quando
302 3096 477 3170 ternarius
490 3114 657 3169 numerus
675 3109 737 3166 aut
754 3108 912 3184 quartur,
927 3096 1197 3191 haudquaquam

141 3197 342 3273 asermone
358 3192 518 3268 substrati
540 3206 654 3269 erant.
704 3190 760 3264 Ut
780 3196 888 3291 igitur
904 3203 1009 3266 omnia
1030 3221 1085 3295 par
1100 3202 1201 3293 ipsam

137 3296 348 3393 satiassent,
382 3314 457 3367 non
480 3293 601 3366 omnia
623 3312 689 3383 per
711 3290 822 3385 ipsum
845 3308 966 3388 erant,
992 3296 1029 3371 n
1044 3298 1115 3395 stne
1138 3300 1201 3393 ipso
1293 3308 1303 3327 ·

138 3399 263 3493 salium
279 3395 320 3491 ιβ
336 3394 441 3480 nihil,
466 3411 542 3465 non
562 3390 634 3465 fine
648 3388 726 3482 ipso
743 3406 818 3465 erat
835 3394 943 3480 nlhil;
968 3396 1015 3470 src
1034 3400 1115 3493 quod
1124 3397 1201 3490 sat·
1221 3404 1225 3421 '

143 3518 210 3571 nm
228 3497 271 3596 ιβ
285 3501 322 3565 in
344 3494 425 3588 app,
450 3511 527 3563 non
543 3491 641 3580 quod
658 3492 785 3564 eratin
802 3492 899 3586 ipso,
926 3502 998 3566 vira
1015 3513 1097 3572 erar.
1138 3496 1199 3575 Et

141 3588 258 3675 r'orsos
273 3614 349 3668 non
364 3592 462 3683 quod
477 3589 606 3664 latium
625 3588 728 3663 estin
750 3594 949 3687 principio,
977 3592 1091 3671 sermo
1107 3616 1200 3691 erat,

85 3728 87 3781 l
142 3700 199 3775 sed
226 3694 326 3787 quod
352 3694 488 3777 eratin
513 3688 713 3783 principio,
741 3688 855 3766 serrno
882 3708 970 3771 erat.
1026 3699 1199 3795 Qnaedam
1310 3734 1312 3739 ·

143 3812 262 3875 tamen
290 3790 522 3884 exemplaria,
550 3788 583 3860 δι
609 3788 760 3864 fortasis
790 3812 865 3866 non
893 3793 1201 3897 improbabiliter,

144 3898 293 3971 habent:
322 3891 413 3983 Quod
423 3886 546 3977 folium
560 3888 616 3984 οβ,
632 3893 670 3957 in
687 3890 747 3982 ipso
763 3898 836 3963 vira
851 3894 903 3989 ιβ.
949 3898 1066 3994 Quod
1083 3901 1106 3976 fi
1123 3906 1200 3981 vita

85 3992 88 4037 r
145 3994 237 4085 idem
257 3991 309 4073 est
326 4009 407 4067 cunr
425 3988 506 4064 loce
520 3986 727 4171 homlrfflmr
754 3995 871 4073 nullus
898 3998 958 4093 qui
983 3999 1025 4075 srt
1044 4003 1084 4074 in
1102 3995 1220 4088 reno,

702 4115 723 4192 ς
1096 4095 1188 4173 nna
