2817 4575
188 333 213 380 '·
314 373 404 466 „1n
439 369 741 475 Jonnunnt
776 369 984 448 nouus
1018 308 1113 460 vn·-
1153 345 1226 473 in

167 536 209 616 ai
232 555 285 625 ης
313 537 414 634 t'br‘qur
423 535 574 614 ordinabo
580 535 667 628 filiis
687 535 782 622 Israel
788 581 799 619 ‚
826 530 863 609 ὅ
879 532 1098 625 lanii-ficum
1114 543 1149 604 in
1159 540 1226 629 gir·

168 647 221 712 ria
238 659 321 724 νικας
332 639 375 714 ,U
385 632 841 728 saniiqicuiiumsanflrjscabo
858 643 1031 703 tentorium
1046 637 1225 731 testimonii.

171 731 310 812 Verum
346 737 533 812 enim-veru
558 754 714 827 quaenrm
738 734 804 805 aiir
825 733 1057 831 intelligibilis
1084 734 1226 813 vistim

142 915 146 920 ,
171 830 397 929 {viriumque
419 835 527 932 (hoc
549 832 621 927 est,
642 835 735 932 jugis
756 834 951 907 oblationis
967 831 998 932 )r
1017 834 1087 910 esse
1108 835 1228 930 potest

169 950 304 1032 λογικῳ
326 939 431 1026 (noc
453 935 526 1026 est,
553 937 607 1015 ei,
633 938 691 1025 qui
715 931 885 1007 sermonis
908 952 1061 1027 compos
1086 935 1159 1026 est,
1193 929 1228 1009 δι

172 1036 456 1126 sermocinatur)
474 1051 576 1128 quam
598 1032 714 1111 sermo
728 1031 916 1124 floridior,
942 1032 1136 1130 symbolice
1158 1036 1229 1108 dic.

163 1155 232 1212 *tus
254 1153 384 1234 agnus,
413 1135 473 1228 qus
491 1134 588 1208 innui
613 1147 720 1225 atque
744 1130 935 1204 illustratur
961 1134 1094 1225 anima,
1121 1133 1230 1212 offer·

171 1251 231 1316 tur
246 1235 346 1327 (haec
361 1236 455 1308 enim
473 1232 542 1307 effe
560 1232 680 1327 pqtest
694 1233 865 1308 matutina
883 1233 1136 1307 endelechismi
1156 1236 1231 1307 vic·

170 1338 306 1427 tima),
333 1332 538 1408 &offertur
556 1336 683 1423 etiam,
711 1353 789 1405 cum
810 1351 910 1406 mens
927 1330 1032 1408 cesiat
1045 1334 1175 1406 versari
1192 1336 1230 1409 in

171 1438 282 1528 rebur
299 1431 573 1508 divinioribus?
624 1430 713 1506 Non
735 1434 826 1505 enim
848 1429 967 1524 potest
989 1430 1126 1526 semper
1142 1432 1232 1511 suffi-

171 1556 279 1622 cere,
305 1546 346 1606 ut
371 1531 413 1607 stt
438 1533 474 1605 in
503 1530 802 1625 praestantioribus
825 1532 962 1622 anima,
988 1534 1153 1623 quamdiu
1179 1535 1230 1610 iili

170 1634 369 1750 eontigerit
386 1625 611 1729 conjunuan
626 1629 695 1709 eise
709 1632 794 1706 huic
810 1646 957 1707 terreno
974 1630 1008 1707 δι
1025 1636 1232 1730 aggravanti

171 1754 240 1810 cor
267 1753 333 1810 orr.
1151 1762 1154 1771 ·

241 1756 307 1924 p34.
333 1830 486 1931 Quodsi
506 1842 640 1922 querat
662 1833 764 1922 quir,
792 1830 875 1921 quid
898 1829 1053 1907 faiiurus
1076 1833 1118 1908 iit
1138 1832 1233 1909 sane·

173 1946 233 2006 tus
249 1951 296 2008 eo
316 1932 503 2022 tempore,
531 1930 628 2021 quod
647 1928 697 2002 est
720 1931 815 2001 inter
834 1952 957 2022 mane,
984 1932 1017 2005 ir
1033 1934 1236 2028 vesperam,

175 2032 369 2105 transierat
387 2029 584 2104 sermonem
603 2030 647 2102 ab
670 2029 770 2102 hisce
791 2033 919 2120 rebus,
945 2053 1022 2122 quae
1041 2033 1083 2105 ad
1098 2036 1234 2108 cultum

168 2129 373 2210 Mosaicum
397 2130 600 2217 pertinent,
626 2127 816 2214 &deinde
844 2127 1059 2225 Evangeliea
1089 2135 1236 2226 potiora

173 2232 349 2324 sequatur,
403 2227 458 2305 Ut
480 2231 573 2303 enini
593 2229 697 2325 Legis
717 2231 850 2307 veteris
869 2230 1085 2306 Sacerdotes
1106 2236 1237 2329 princi·

137 2410 141 2421 ¹
161 2336 275 2428 pium
292 2328 510 2404 viiiimarnm
531 2328 691 2401 offerunt
710 2330 961 2405 endelecnirni
976 2331 1175 2432 vistim,
1195 2355 1238 2408 ae

177 2432 307 2505 deinde
327 2447 409 2501 ante
427 2428 660 2521 vespertinam
678 2427 853 2505 vistinam
870 2431 1146 2529 endelechirmi,
1172 2455 1238 2509 cte·
1324 2465 1330 2475 ·

176 2549 273 2605 teras
301 2551 345 2602 ex
370 2527 468 2624 Lege
495 2529 630 2619 (verbi
654 2530 782 2621 gratia,
810 2549 877 2621 pro
903 2529 1054 2625 deiisio,
1081 2537 1141 2607 vei
1168 2556 1237 2629 pro

177 2633 257 2711 his,
284 2650 360 2721 que
379 2629 505 2724 sponte
525 2648 600 2701 nun
625 2629 921 2721 committuntur,
949 2634 1008 2703 vel
1026 2653 1094 2726 pro
1114 2632 1239 2726 salute,

135 2812 138 2817 ,
179 2732 243 2803 vei
260 2750 328 2822 pro
349 2721 580 2822 precatione,
607 2727 667 2799 vei
684 2747 752 2819 pro
768 2730 974 2824 zelotypia,
1003 2735 1147 2827 vel‘pro
1167 2732 1240 2808 sab»

179 2833 290 2916 bato,
316 2831 376 2901 vel
405 2849 470 2920 pro
499 2828 713 2920 novilunio,
739 2827 772 2900 ur
797 2829 961 2919 reliquia,
990 2850 1067 2922 quae
1094 2834 1239 2928 longum

183 2927 270 3005 esset
286 2929 322 3002 in
341 2929 522 3021 presentia
544 2921 750 3011 recensere)
775 2927 821 3005 stc
836 2927 941 3004 etiam
956 2946 1025 3004 nos
1041 2953 1061 3002 a
1080 2930 1242 3009 sermone

182 3031 229 3104 de
246 3030 418 3123 imagine,
446 3028 504 3117 qui
529 3023 580 3103 est
602 3022 780 3120 Christus,
808 3027 1030 3104 oblationem
1049 3028 1168 3105 sacere
1190 3032 1241 3107 in·
1307 3104 1310 3115 ,

185 3129 383 3220 cipientes,
410 3125 454 3198 de
474 3126 614 3217 inuitis,
642 3125 768 3216 hisque
790 3125 971 3203 utiiisirnis
992 3126 1158 3205 disserere
1178 3153 1243 3227 po·

186 3231 345 3307 terimus.
395 3226 598 3318 Rursusque
615 3227 650 3296 in
665 3225 742 3319 his,
765 3245 842 3318 quae
860 3224 985 3303 Christi
999 3226 1101 3325 sunt,
1116 3230 1244 3309 finien-

186 3345 263 3416 tes,
297 3328 337 3398 ad
363 3324 543 3415 vesperam
572 3327 711 3406 veluti,
734 3324 953 3425 nouemque
973 3333 1243 3430 perveniemuu,

186 3426 379 3501 venientes
399 3426 439 3495 au
458 3445 613 3516 corpora
630 3427 750 3504 etium.¹
784 3487 787 3491 .

269 3547 325 3617 35.
354 3523 413 3596 Sin
437 3546 527 3596 vero
545 3520 745 3601 sermonem
763 3525 980 3624 exquirimus
1004 3527 1050 3609 de
1074 3529 1156 3627 Jesu
1184 3532 1245 3607 de·

185 3623 387 3711 monstrato
405 3645 423 3696 a
439 3624 598 3723 Joaune,
622 3624 726 3723 juxta
743 3624 796 3701 id:
826 3625 902 3699 Ecce
917 3650 1015 3721 ugnus
1031 3631 1086 3702 ilie
1108 3637 1180 3715 Dei,
1192 3638 1248 3730 qui

191 3728 279 3805 tollit
301 3742 455 3818 peccatum
479 3729 609 3803 mundi,
635 3723 830 3800 insistentes
846 3727 881 3798 in
897 3725 968 3820 ipsi
987 3728 1249 3824 dispensatione

192 3824 366 3917 corporei
387 3824 563 3896 adventus
588 3821 649 3896 iiiii
670 3822 740 3897 Dei
764 3820 939 3900 advitam
961 3818 1166 3932 nominum,
1193 3863 1250 3933 ap·

192 3947 278 4005 num
302 3943 379 3996 non
408 3925 511 3997 alium
536 3920 809 3998 existimabimur
836 3945 938 4015 quam
964 3930 1164 4020 hominemr
1192 3942 1249 4013 iiic

192 4018 290 4108 eslim
306 4025 408 4103 veluti
428 4030 494 4097 svis
513 4027 552 4102 ad
572 4027 677 4102 saedsm
700 4022 811 4099 Mitis
832 4020 956 4131 fii&
981 4051 1140 4130 iuriqunm
1165 4061 1269 4119 nigram

304 4164 308 4173 .
1138 4151 1250 4200 tutum
