2817 4575
376 345 458 454 m.
478 292 777 445 Jfoauutu
814 344 1018 424 remus
1048 348 1126 444 3vr.
1196 335 1280 451 295'

197 501 468 608 terpretandum
488 505 659 601 difficilis,
686 507 712 585 st
735 508 972 601 undequaque
987 512 1114 610 ,colligi
1134 512 1266 591 debeat

136 651 143 664 ι
199 634 245 684 ex
271 612 346 704 his,
375 630 452 701 qum
476 607 611 700 sparsim
630 607 745 706 potita
770 609 850 683 sunt
877 613 914 682 in
940 609 1154 705 scripturis,
1181 635 1267 711 pro·

197 710 317 804 prium
339 709 488 800 requirit
509 729 614 799 opus,
669 710 785 806 Quam
808 710 857 798 ob
879 728 953 782 rem
972 732 1068 786 nunc
1090 713 1265 794 decenter

199 831 246 882 ex
263 811 337 898 his,
364 829 440 901 qua
460 808 505 879 de
521 808 688 903 Joanua,
715 808 830 898 deque
848 805 926 879 Elia
949 811 1147 903 conquisrta
1169 811 1261 902 sunt,

198 929 288 994 cum
307 909 469 983 breviter
489 907 699 1010 perscrutati
723 907 825 989 timus
851 906 1106 1008 quaestionem,
1133 913 1177 991 ad
1199 933 1264 987 cae·

196 1024 276 1082 tera
297 1026 526 1086 transeamus.
927 1084 930 1089 ,
1190 1091 1195 1100 .

272 1118 305 1188 8.
336 1110 381 1184 Et
400 1126 437 1182 tr
458 1109 610 1204 Propheta
627 1100 708 1178 iiie?
737 1106 785 1182 Et
799 1110 975 1203 respondit.-
1004 1112 1096 1186 Nm.
1123 1109 1157 1186 si
1175 1116 1259 1194 Lex,

194 1209 236 1300 (ἶ
261 1210 420 1304 Propheta
442 1210 598 1310 usquead
622 1210 812 1303 Jeeunemj'
835 1208 918 1297 quid
940 1209 1032 1286 aliud
1060 1211 1259 1288 diceremus

168 1312 373 1410 .Joannem
391 1306 474 1400 effe,
492 1329 596 1399 quam
617 1307 859 1400 prophetam?
888 1308 1185 1400 quemadmodum
1198 1333 1259 1403 pa·

171 1403 251 1483 't'er
276 1411 351 1503 ejus
369 1407 556 1490 Zacharias
581 1409 705 1500 plenus
728 1409 862 1502 Spiritu
888 1406 1007 1481 samo
1034 1410 1256 1507 prophetans

191 1512 329 1602 inquit:
360 1511 406 1584 Et
425 1515 558 1604 tu'prrr
575 1509 727 1603 propbeta
745 1506 907 1597 Altrfflmi
926 1510 1105 1580 vereberis:
1127 1513 1256 1610 preibis

151 1613 278 1694 „enim
294 1625 372 1682 ante
385 1608 498 1699 faeiem
517 1613 669 1698 Domini,
686 1610 725 1684 ed
735 1611 975 1707 purpurandam
988 1616 1062 1685 viar
1077 1614 1142 1705 ejus
1151 1632 1165 1696 ‚⁰
1190 1609 1255 1687 itifi

188 1710 292 1782 forte
315 1710 392 1801 quis
416 1707 528 1782 sumat
551 1729 703 1797 vocem,
729 1709 906 1789 vacaberis,
934 1730 1010 1790 non
1032 1707 1102 1791 etse
1124 1706 1252 1788 didam

189 1830 261 1903 pro
276 1829 345 1902 eo,
373 1809 471 1901 quod
486 1806 557 1899 est,
581 1809 666 1887 eris,
683 1808 791 1898 idque
809 1808 1042 1906 potiffimum,
1060 1810 1159 1905 quod
1172 1808 1251 1886 Ser·

188 1924 300 1981 vator
314 1909 442 1986 dixerit
462 1909 534 1996 eis3
563 1909 621 2000 qui
642 1906 888 1986 existimabant
909 1929 988 1984 eum
1007 1905 1075 1987 effe
1093 1908 1264 2001 Prophe-¹
1304 1955 1306 1962 -

188 2021 281 2084 tam:
308 2012 369 2079 Sed
389 2012 467 2106 quid
486 2008 595 2104 existis
615 2009 656 2079 ud
669 2004 866 2086 videndum?
893 2003 1103 2101 Prophetam?
1138 2010 1250 2086 Etiam

186 2109 253 2177 dim
273 2109 379 2196 urbis,
406 2108 444 2184 ff
459 2110 623 2205 plusquam
644 2109 842 2204 Prophetem.
893 2103 1170 2188 ¹Observandum
1190 2128 1250 2184 au·

185 2222 287 2299 tem,
314 2209 413 2300 quod
431 2231 471 2281 ea
489 2212 623 2300 verba,
653 2210 765 2282 Etiam
779 2210 961 2293 diceretis,
989 2219 1127 2307 ponant
1139 2207 1249 2299 Joarr·

183 2330 269 2382 nem
295 2307 364 2383 effe
390 2311 622 2403 prophetam,
649 2331 718 2386 nec
743 2309 905 2389 auferant
926 2329 1006 2387 eum
1029 2306 1247 2400 Prophetam

185 2407 278 2493 eise,
306 2410 462 2502 quodsi,
488 2425 721 2502 preterquam
742 2410 839 2502 quod
854 2407 904 2490 est
918 2406 1121 2501 Propheta,
1139 2409 1247 2488 etiam

182 2510 301 2609 major
317 2529 420 2599 quam
436 2508 616 2607 Propheta
633 2510 862 2582 aServatore
878 2509 1027 2598 dicitur,
1055 2509 1242 2599 quomodo

145 2618 156 2635 ·’
183 2618 294 2703 ergo,
320 2608 543 2701 ntropheta
561 2607 632 2698 est,
647 2607 902 2687 Sacerdotibus
919 2629 960 2680 ac
977 2607 1117 2694 Levitis
1132 2611 1244 2683 inter·

182 2709 411 2804 rogantibus:
441 2708 644 2803 Prophetae
664 2705 721 2783 ru?
750 2707 952 2801 respondit:
980 2703 1085 2779 Nau?
1110 2704 1243 2781 Dicen-

181 2795 268 2880 dum
283 2810 463 2890 autem-ad
477 2810 569 2893 hoc,
588 2828 663 2882 non
680 2809 774 2889 idem
795 2806 883 2893 etie:
913 2809 1067 2905 Propheta
1085 2833 1115 2874 es
1133 2823 1168 2875 ru
1187 2808 1242 2880 itte
1277 2832 1287 2871 r

180 2912 289 2996 (cum
306 2907 518 3003 necuim?
545 2909 596 2987 &t
632 2910 679 2991 Er
695 2898 935 3002 rr'Prophera(
945 2908 1016 2981 stne
1030 2904 1240 3000 arricum?

179 3006 315 3081 Similia
338 3005 610 3089 observavimus
632 3023 739 3100 ante,
766 3008 850 3100 quid
875 3003 1037 3098 differat,
1061 3009 1121 3086 ille
1140 3006 1240 3079 Dens

180 3104 203 3200 (
221 3127 304 3180 cum
325 3104 540 3202 articulo),
566 3108 724 3189 &Deus
754 3106 857 3205 (sine
881 3108 1087 3199 articulo),
1117 3106 1149 3178 dr
1178 3107 1239 3187 ilie

178 3205 328 3294 Sermo,
355 3207 389 3280 dr
408 3207 545 3283 Sermo.
577 3210 766 3305 Quoniam
784 3228 872 3305 ergo
891 3208 927 3279 in
945 3206 1238 3287 Deuteronomio

178 3304 437 3398 scriptumest:
472 3308 658 3403 Prophetiam
681 3310 769 3383 vrbis
785 3307 949 3398 destiterit
966 3305 1127 3381 Dominus
1151 3312 1244 3389 Deus,

178 3406 283 3502 vester
297 3407 505 3499 defretribus
521 3409 632 3504 veflrr‘r
648 3401 868 3506 meifimr'lerrt,
885 3408 982 3503 ipsum
994 3412 1141 3482 audietis.
1172 3412 1237 3480 Fe·

180 3524 292 3589 turrem
306 3509 346 3604 ιβ
365 3525 488 3596 autem,
518 3527 555 3589 ut
572 3514 673 3580 omnir
687 3518 814 3596 aniene,
839 3534 906 3606 qua
919 3533 986 3578 rten
1002 3512 1140 3578 audierit
1158 3510 1235 3578 rra.

175 3609 308 3705 phetam
332 3608 442 3692 illum,
466 3617 698 3687 exterminetur
715 3611 852 3708 epepuio
868 3609 940 3702 [1⁴03
967 3605 1235 3700 exspedtabatur

176 3707 353 3801 quispiam
375 3694 502 3781 eximie
522 3709 725 3803 Propheta,
752 3714 811 3801 qui
833 3709 940 3783 simile
964 3709 1047 3798 quid
1070 3708 1155 3783 itofi
1176 3709 1235 3782 ha·

176 3808 267 3888 bens
293 3807 529 3883 mediatorem
553 3824 674 3904 ageret
691 3808 786 3883 inter
803 3807 970 3891 Deum&
986 3810 1171 3900 homines,
1199 3809 1233 3880 dr

169 3920 365 4000 acceptum
386 3929 406 3980 a
422 3907 504 3983 Deo
524 3907 793 3983 Testamentum
810 3928 948 3983 novum
967 3908 1143 4004 discipulis
1168 3920 1236 3978 tra·

165 4006 302 4113 *derata
326 4020 433 4109 atque
446 4010 485 4085 in
499 4007 640 4107 singulis
650 4007 847 4186 {topheth
865 4024 1069 4109 agnoverat
1078 4010 1245 4189 ᾳξέκκὶκιι

290 4140 294 4145 ·
717 4135 742 4209 4
1003 4126 1011 4142 ‘
1136 4124 1208 4181 tue
1244 4120 1261 4173 t
