2817 4575
244 385 248 392 ,
294 237 408 382 tu
448 299 740 401 Joauuteu
777 251 989 380 Torius
1014 237 1084 386 'tr
1163 327 1232 404 145
1269 312 1274 320 ·

162 467 224 548 'Er
241 479 378 556 writer
395 491 509 538 nomen
529 469 617 563 ejus,
645 465 752 540 Serme
779 471 849 540 Dei.
903 468 952 540 Et
973 467 1147 556 exercitur,
1195 476 1231 540 αἱ

162 569 251 662 surr?
270 575 311 640 irr
325 570 405 654 coela,
414 568 624 662 sequebantur
634 591 702 636 eum
720 573 757 634 r'rr
771 573 858 662 equis
873 570 966 656 albis,
990 571 1093 663 velleri
1111 575 1148 663 ty
1176 595 1231 642 rno

170 674 241 744 alin
258 667 297 743 (5
314 688 410 764 puro,
437 669 476 744 (9
491 693 529 736 ex
542 690 593 736 ere
606 663 675 762 ejus
691 671 829 760 procedit
847 670 969 759 gladius
991 689 1120 756 acutus,
1148 691 1183 758 et
1198 695 1231 742 ee

169 775 332 869 percuriat
353 771 490 852 Gentes,
515 769 551 841 U
575 767 636 859 r'pst
662 786 742 858 regar
766 792 822 834 eor·
841 775 934 860 virga
950 769 1081 859 ferrea,
1109 767 1144 844 (⁹5
1170 769 1232 862 ipse
1293 759 1296 768 ’

170 873 273 954 enicat
290 870 431 942 torcular
447 874 525 936 vini
544 873 599 934 irae
609 866 736 958 furoris
762 872 825 938 Dei
843 876 1085 962 omnipotentis,
1113 871 1150 946 (9⁸
1173 871 1230 942 ha·

171 971 223 1042 ber
238 974 276 1040 ire
298 968 498 1063 vestimento,
524 967 563 1042 (5
579 974 616 1036 in
633 965 753 1057 semare
768 968 819 1052 {rto
837 992 947 1038 nomen
959 970 1133 1058 scriptum:
1161 975 1231 1040 Rex

124 1139 127 1146 ,
169 1067 332 1164 regum&
353 1073 507 1140 Dominus
524 1069 770 1138 dominantium.
822 1065 890 1138 Sed
907 1063 1151 1141 necessario&
1172 1073 1232 1144 ab·

171 1169 292 1244 solute
317 1165 434 1259 posuit
462 1167 619 1258 ¹loannes
644 1168 889 1257 vocabulum,
915 1168 1064 1256 Sermo,
1092 1169 1125 1237 ἃ
1148 1189 1230 1244 cum

170 1265 373 1360 adjetuone
398 1268 527 1357 etiam,
552 1265 679 1338 Sermo
705 1264 787 1339 Dei.
836 1265 931 1339 Nam
954 1267 978 1339 sr
1007 1271 1156 1348 alterum
1183 1285 1231 1340 ta·

170 1365 325 1457 cuillet,
358 1365 583 1444 occasionem
604 1365 758 1437 habituri
786 1384 922 1438 eramus
948 1383 1076 1458 praeter
1096 1389 1233 1460 germa-

170 1487 255 1542 nam
274 1463 486 1539 sententiam
506 1464 748 1559 intelligendi,
775 1465 1012 1539 &aberrandi
1034 1489 1052 1536 a
1078 1467 1236 1542 veritate

170 1565 278 1656 hujus
304 1565 493 1655 vocabuli,
521 1562 668 1636 Sermo:
695 1585 736 1634 ac
752 1565 774 1636 sr
793 1563 952 1638 absolute
975 1564 1153 1656 scriplrslet
1171 1567 1232 1658 Jo·
1310 1591 1327 1604 ’

171 1685 297 1755 annes,
314 1661 539 1754 Sermonem,
558 1683 627 1736 nec
644 1663 784 1734 dixiliet
802 1666 904 1737 etiarn
924 1686 1003 1738 cum
1020 1666 1233 1759 adjectione,

124 1851 126 1858 Ι
171 1759 384 1840 Sermonem
414 1762 500 1846 Dei,
527 1784 602 1834 non
632 1762 867 1834 didicissemus
890 1781 1013 1854 aperte
1039 1768 1134 1837 hunc
1155 1765 1234 1838 Ser·

124 1955 126 1960 ¹
171 1884 321 1942 monem
349 1859 420 1934 effe
446 1861 655 1934 Sermonem
682 1861 763 1932 Dei.
814 1861 946 1935 Rursus
973 1864 996 1936 sr
1023 1863 1233 1942 Sermonem

174 1963 248 2040 Dei
270 1959 427 2053 dixiilet,
453 1982 523 2033 nec
538 1961 699 2034 absolute
713 1961 944 2052 Sermonem,
971 1963 1077 2034 etiam
1100 1967 1233 2038 multos

141 2145 145 2152 ,
176 2063 368 2138 Sermones
392 2059 567 2156 fingentes
582 2063 685 2152 juxta
705 2061 917 2146 relationem
940 2062 982 2132 ad
996 2081 1234 2150 unumquem-

137 2197 141 2208 ·
175 2184 246 2255 que
262 2181 413 2253 eorum,
440 2165 496 2249 qui
516 2159 677 2236 sermone
692 2179 734 2231 ac
751 2160 891 2232 ratione
912 2175 1080 2252 utuntur,
1108 2163 1235 2238 frustra

175 2263 311 2339 multos
333 2262 481 2354 proprie
503 2260 549 2333 fic
571 2262 776 2334 nominatos
803 2258 1059 2337 admisrllemus.
1111 2262 1236 2354 ltaque

177 2362 273 2437 reste
291 2358 487 2453 Apostolos
505 2362 538 2433 or
557 2357 794 2455 Evangeiista,
811 2362 882 2449 jam
899 2382 989 2439 vero
1007 2365 1111 2437 etiam
1129 2385 1237 2455 prop·

177 2474 234 2535 ter
259 2459 505 2555 Apocalypsin
527 2458 706 2550 Propheta
732 2459 933 2532 describens
958 2465 993 2533 in
1018 2461 1237 2555 Apocalypsi

178 2561 388 2635 Sermonem
416 2560 513 2649 Dei,
548 2557 583 2631 se
605 2560 676 2643 Dei
704 2558 915 2632 Sermonem
944 2560 1066 2632 vidiile
1096 2567 1235 2652 inquit,
1299 2608 1304 2615 -

179 2674 308 2755 aperto
322 2662 451 2749 coelo,-
467 2679 563 2747 eouo
582 2661 665 2729 albo
685 2659 837 2731 vetrum.
889 2654 987 2752 Qirid
1005 2679 1096 2732 vero
1112 2665 1237 2735 innuat

180 2762 258 2833 eoeli
277 2760 435 2851 apertio,
462 2757 624 2843 &equus
642 2759 763 2847 albus,
789 2756 938 2849 &super
956 2754 1065 2850 ipsum
1082 2760 1177 2833 sellio
1198 2764 1238 2833 il·

180 2858 261 2951 lius,
287 2862 347 2949 qui
367 2858 493 2929 Sermo
518 2857 585 2928 Dei
606 2874 773 2946 uocatur,
803 2860 860 2947 qui
879 2859 983 2931 etiam
1003 2876 1238 2949 preterquam

181 2958 231 3034 est
245 2956 371 3031 Sermo
394 2957 485 3048 Dei,
512 2950 625 3027 fidelis
644 2958 793 3048 dicitur,
821 2956 853 3027 u
878 2977 1011 3044 verax,
1039 2957 1125 3031 &in
1142 2958 1238 3051 justi·

182 3059 229 3132 tia
251 3058 415 3150 judicant
442 3057 655 3147 oberrans,
684 3055 977 3130 considerandum
1006 3056 1077 3143 est,
1116 3074 1156 3130 ur
1190 3080 1237 3133 eo

184 3158 289 3253 tnagis
305 3150 557 3251 proficiamus,
586 3176 666 3228 curn
681 3156 982 3247 intellexerimus,
1010 3178 1085 3248 qua·
1104 3162 1145 3230 ati
1168 3161 1239 3232 Dei
1333 3169 1336 3175 '

184 3256 391 3331 Sermonem
407 3257 599 3346 pertinent.
639 3254 794 3325 Proinde
810 3258 963 3327 arbitror
986 3280 1055 3348 epo
1072 3261 1186 3349 impiis
1205 3261 1238 3330 δι

185 3354 385 3429 terrestrem
401 3356 588 3448 imaginem
603 3355 825 3448 gerentibus,
839 3358 964 3427 coelum
981 3356 1049 3429 elle
1065 3356 1240 3442 clausume

188 3469 347 3549 apertum
369 3473 463 3525 vero
486 3454 604 3547 justis,
632 3453 759 3543 oriris,
787 3457 844 3545 qui
863 3455 1013 3549 insigniti
1035 3456 1167 3529 fuerint
1190 3454 1241 3528 su·

187 3548 399 3649 pereoelestis
419 3554 582 3648 imagine.
632 3550 809 3626 Nimirum
834 3555 950 3647 impiis
977 3557 1117 3646 quidem
1142 3558 1240 3631 humi

189 3654 377 3729 etiamnum
402 3655 633 3748 repentibus,
661 3653 754 3725 &in
778 3674 885 3725 earne
903 3654 1132 3727 existentibus
1157 3678 1241 3749 prae·

190 3752 358 3829 stantiorr
380 3748 459 3824 sunt
478 3750 618 3834 clausa,
649 3754 833 3841 quianon
859 3755 1147 3846 intelligant-ea,
1175 3776 1243 3829 nec

191 3854 317 3947 partiat
332 3871 459 3925 eorum
476 3853 772 3941 pulchritudinem
787 3854 888 3941 (quia
904 3850 1057 3938 nolunt)
1074 3856 1243 3946 dispicere

183 3953 320 4047 proni,
346 3970 416 4025 nec
440 3951 579 4049 erigere
601 3949 636 4033 se
655 3964 828 4028 conantes
837 3996 854 4049 ,3
873 3970 958 4047 ¹curn
970 3952 1052 4046 iusti
1071 3954 1103 4025 u
1125 3954 1245 4028 excel·

241 4056 387 4150 Origene
403 4048 618 4129 TrmXill.
835 4048 874 4129 K
1073 4052 1222 4138 temer,
