2817 4575
243 269 668 440 ruqoauuuru
704 309 913 418 roudus
950 329 1002 410 rr.
1088 279 1161 433 sap

98 497 385 576 consideraverit
418 498 680 572 mul-titudinem
716 491 1091 596 contemplationum,
1127 495 1171 592 (a¹
1276 573 1279 580 ,

98 601 322 698 cognitionis
343 598 387 670 de
406 597 513 678 Deo,
535 619 640 690 quam
657 598 811 672 bumana
830 615 957 670 natura
977 599 1177 692 percipere·

97 712 271 792 nequeat,
287 695 433 772 lortaiie
452 711 571 771 auteur
588 717 655 772 uec
673 699 744 788 alii,
762 698 820 789 qui
830 698 945 793 geniti
964 697 1057 791 sunt,
1076 718 1164 790 pra·

98 815 155 876 ter
169 797 361 889 Christum,
378 795 590 889 &Spiritum
600 795 771 890 'santium
787 796 872 869 sciet
888 819 1042 892 quonam
1054 797 1161 891 patio

98 903 195 974 circa
204 901 323 974 Deum
343 897 410 970 srnt
424 900 602 983 tenebrae3
618 912 811 989 propterea
826 898 923 989 quod
941 899 1036 970 nulia
1052 918 1163 990 quan·
1295 959 1301 972 .

100 999 268 1074 tumlibet
295 994 441 1089 copiosa
466 1010 574 1088 atque
599 1009 726 1069 ornata
752 1000 871 1070 oratio
896 999 1075 1088 explicite
1099 1019 1161 1090 va,
1302 1049 1306 1056 .

99 1103 191 1189 leat,
217 1117 260 1170 ac
281 1117 330 1170 ne
349 1096 434 1169 sciat
453 1098 594 1187 quidem
615 1117 660 1168 ex
681 1098 854 1190 dignitate
875 1097 980 1190 ipsius
1002 1097 1096 1183 Dei,
1124 1100 1162 1174 in
1257 1173 1260 1178 ,

102 1202 230 1292 quibus
247 1197 406 1270 tenebris
422 1195 583 1288 posuerit
601 1196 785 1270 latibulum
803 1195 923 1284 suum,
945 1197 1004 1288 qui
1022 1197 1094 1270 hoc
1110 1197 1164 1270 ie·

102 1301 169 1390 eit,
197 1317 245 1370 eo
266 1298 383 1389 quod,
405 1317 482 1387 quse
502 1297 546 1369 de
565 1294 639 1388 ipso
660 1294 762 1387 suot,
782 1297 1014 1392 ignorentur,
1033 1297 1164 1389 imper,

102 1396 282 1492 teptibilia
303 1417 385 1469 cum
413 1394 491 1468 sint.
540 1395 654 1497 Quod
677 1396 700 1468 sr
725 1397 802 1487 quis
829 1397 1078 1487 hujuscemodi
1100 1417 1164 1468 ex·

106 1497 344 1592 positionibus
359 1492 582 1576 offendatur,
609 1497 637 1568 is
656 1497 691 1568 in
707 1496 913 1570 sententiam
932 1495 1086 1570 nostram
1102 1518 1166 1570 ve-

104 1599 198 1683 niat,
225 1593 393 1668 adductus
414 1609 490 1668 tum
512 1595 753 1668 a-tenebrofis
774 1594 1016 1676 sermonibus,
1042 1609 1119 1670 tum
1143 1617 1164 1672 a

103 1693 271 1772 thesauris
294 1693 435 1766 Christo
463 1694 554 1766 datis
586 1717 606 1767 a
630 1693 733 1780 Deo,
762 1697 981 1784 tenebrosis,
1009 1699 1165 1771 occultis
1242 1719 1244 1724 ·

85 1794 400 1872 vuaiuvisrbilibus:
428 1813 496 1866 nec
521 1795 616 1868 enim
634 1793 728 1865 aliod
747 1796 879 1887 opinor
900 1794 970 1868 eise
992 1795 1165 1869 tenebro-

105 1883 157 1970 los
175 1891 363 1968 thesauros
380 1911 446 1987 per
458 1890 634 1976 Chrillum
649 1889 914 1968 manifestatos:
946 1893 984 1965 T
977 1896 1103 1966 ambro
1112 1911 1168 1992 pag¹
1270 1919 1272 1928 ·

104 1997 164 2088 [all
183 1995 286 2068 Deus
302 1995 468 2064 latibulum
480 1995 593 2085 suum,
620 1993 672 2066 &t
698 1992 840 2064 sannas
860 1995 1015 2088 intelligat
1034 1996 1165 2089 parobo-

107 2097 165 2170 lam
182 2101 224 2172 σ
238 2095 395 2182 obscurum
406 2093 589 2181 sermnem.
625 2093 770 2192 Verum,
782 2094 986 2185 considera,
1012 2114 1097 2168 num
1113 2097 1164 2168 ob

109 2195 178 2270 hot
187 2192 468 2268 dicetServator
483 2192 660 2290 discipulis
674 2191 761 2265 suis:
779 2196 893 2265 idcirco
905 2219 969 2292 quae
981 2199 1017 2264 in
1027 2186 1166 2268 tenebris

108 2298 254 2383 sedilis,
279 2299 379 2410 dlct'te·
396 2300 432 2408 fn
449 2296 528 2366 luce.
578 2291 727 2409 Tradita
757 2296 850 2368 enim
872 2295 951 2388 ipsis
981 2293 1167 2388 mysteria,

103 2389 1167 2587 ,libitinariiillitulllililit‚bil

102 2594 178 2685 lroc
203 2592 319 2667 didius
344 2588 413 2665 esse
439 2595 475 2663 in
502 2595 607 2684 luce,
635 2595 804 2667 omnibus
834 2595 892 2684 qui
917 2596 979 2665 iux
1008 2593 1168 2687 fuerint,

85 2734 90 2751 ν
111 2688 281 2769 nuntiare.
325 2692 576 2765 Admirabilius
594 2704 711 2764 autern
729 2692 894 2781 quiddam
912 2690 1034 2764 addam
1053 2694 1098 2764 de
1114 2708 1167 2771 te·,

85 2796 227 2870 ..nebris
248 2794 415 2866 laudatis:
441 2810 570 2883 nempe
596 2790 659 2863 has
685 2790 849 2865 festinare
874 2791 916 2863 ad
938 2792 1056 2865 iucem
1074 2814 1168 2867 eam-

85 2928 88 2943 ·
113 2911 175 2985 que
192 2892 482 2987 apprehendere,
508 2904 617 2982 atque
633 2907 710 2980 quaa
726 2892 813 2965 olim
831 2886 974 2963 fuissent
992 2890 1168 2984 tenebre,

85 3011 180 3073 {ron
204 2992 405 3085 dispicienti
430 2994 503 3062 vim
530 2989 701 3083 ipsarum,
728 3006 776 3062 eo
801 2993 899 3081 quod
925 2993 1167 3084 ignoraretur,

85 3076 151 3169 *ic
166 3091 368 3182 immutari,
394 3102 435 3163 ut
459 3108 541 3163 cum
559 3092 589 3165 is
611 3086 653 3161 ad
677 3106 804 3163 eorum
830 3087 1009 3165 scientiam
1038 3105 1170 3184 perpe,

112 3194 222 3283 terit,
244 3211 321 3284 quar
339 3190 549 3287 ignorabat,
565 3190 754 3276 enunciet,
770 3208 848 3280 que
868 3190 1053 3284 didicerit,
1069 3186 1170 3297 fullio

112 3290 167 3369 ibi
183 3289 377 3383 aliquando
400 3290 588 3376 tenebras,
614 3307 711 3361 nunc
729 3302 848 3362 autem
865 3289 994 3365 lucem.

85 3387 89 3413 ¹
117 3480 121 3487 Ι
183 3410 244 3483 24,
274 3392 351 3461 Fuit
365 3392 452 3477 bama
467 3382 609 3478 miffirsa
630 3394 709 3465 Deo,
723 3412 836 3459 nomm
848 3392 895 3460 illi
909 3390 1069 3485 Jtanms.
1097 3388 1170 3463 Ae·

111 3494 265 3567 matius
292 3488 415 3580 aliquis
435 3489 638 3583 intelligens
663 3502 817 3583 vocem,
844 3486 948 3583 milles
970 3486 1188 3582 (quoniam
1276 3486 1280 3499 '

85 3592 167 3687 *qqi
193 3590 371 3670 mittitur,
398 3586 563 3661 alicunde
588 3582 764 3678 &aliquo
791 3585 1010 3683 mittitur),
1037 3602 1173 3679 queret

110 3690 203 3775 unde
225 3688 383 3783 loannes
410 3686 451 3761 fit
469 3683 586 3761 misius
610 3686 644 3758 dt
667 3706 752 3778 quo.
807 3687 895 3761 Cum
919 3706 1010 3760 vero
1036 3688 1173 3781 liqueat

110 3810 205 3883 qno,
232 3788 397 3863 nimirum
413 3784 514 3877 juxta
531 3783 732 3877 historiam,
759 3789 857 3878 quod
878 3786 920 3859 ad
935 3784 1056 3877 lsrael,
1078 3784 1173 3863 &ad

109 3891 283 3964 volentes
299 3906 381 3959 eum
400 3884 519 3957 audire
535 3887 572 3959 in
586 3906 709 3961 eremo
724 3886 853 3980 Judaeae
872 3898 1174 3979 commorantem·

110 3986 149 4063 dt
163 3987 258 4085 apud
277 3984 472 4083 lordanem
491 3984 644 4063 fluvium
664 3984 907 4081 baptizantem
927 3979 1059 4080 (juxta
1079 4002 1177 4060 vete

187 4102 221 4151 -··“
256 4140 261 4149 -
949 4088 1144 4171 rotronem
