2817 4575
284 355 294 374 “
362 307 439 460 fn.
466 373 763 480 Joannnn
800 371 1118 457 ronus'ur.
1158 384 1253 500 aaz

191 552 276 623 Non
299 545 438 642 [unqe
460 541 620 632 christun
642 537 842 616 'Declarat
862 549 981 620 auteni
1000 548 1070 619 tale
1090 541 1258 638 quiddam
1324 615 1327 632 ‚

190 648 390 741 suspicatos
409 641 475 719 eoa
495 643 597 719 fuisse
615 643 786 730 secunda,
813 658 920 736 atque
937 643 1049 721 'etiam
1076 647 1181 720 tertia
1204 648 1257 722 in·

189 748 409 844 'terrogatio
461 744 574 818 Ellam
601 744 695 818 enirn
725 764 805 816 cum
829 757 1023 819 venturum
1049 745 1255 840 sperarent,

192 863 302 940 atque
324 847 467 939 plurimi
485 845 665 926 iacerent,
678 847 773 918 ‘eum
792 842 862 915 elie
880 841 1092 936 suspicantes
1107 850 1257 921 'bonore
1289 912 1292 918 .
1329 903 1333 930 ‚

191 941 256 1040 i'psr
272 943 417 1020 Christo
433 946 659 1040 proximum,
687 958 794 1033 atque
810 941 1023 1036 secundum,
1039 950 1257 1021 enuntiante

154 1115 160 1146 ,
194 1050 336 1144 Joanne
353 1043 481 1119 senon
499 1043 568 1119 else
585 1042 777 1135 Christum,
797 1045 1037 1139 interrogant:
1064 1052 1154 1140 Quid
1170 1043 1260 1137 ergo?
1323 1051 1326 1062 '

193 1139 292 1242 Elias
306 1151 420 1234 ortui
440 1148 488 1219 Et
501 1147 606 1218 dixu:
635 1148 716 1246 Non
728 1144 818 1231 sum:
845 1146 955 1215 tertio
974 1167 1059 1220 num
1076 1146 1150 1239 ipse
1169 1147 1257 1234 esset
1283 1178 1285 1183 ·

190 1248 253 1321 ille
274 1246 456 1340 Propheta
480 1242 568 1318 scire
592 1245 750 1331 volunta
779 1265 851 1334 quo
872 1244 1131 1338 respondente,
1158 1251 1256 1332 Aba,
1283 1334 1285 1338 Ι

191 1351 274 1421 c'um
294 1366 371 1419 non
392 1347 541 1438 amplius
559 1341 703 1437 pollent
717 1345 836 1416 dicere
859 1345 1025 1437 privatim
1045 1366 1180 1420 nomen
1196 1349 1258 1420 ali-

191 1447 317 1541 cujus,
335 1446 394 1538 qui
409 1444 452 1517 ad
468 1442 503 1518 se
519 1442 718 1518 accessurus
733 1444 944 1537 speraretur,
951 1439 1144 1537 inquiunt?
1169 1450 1255 1540 Quis

191 1573 246 1638 ar,
274 1562 312 1616 ur
330 1541 505 1642 responsam
520 1547 623 1615 demus
640 1544 714 1632 sris,
731 1551 798 1639 ,qui
811 1544 963 1631 miserunt
980 1544 1062 1618 nos?
1075 1552 1163 1642 ¹quid
1180 1553 1257 1618 diris
1334 1599 1336 1604 -

189 1643 227 1718 da
242 1665 273 1716 re
289 1639 380 1741 ipsud.
394 1646 473 1719 lroc
490 1645 701 1718 innuentes:
731 1649 816 1715 ilaec
838 1645 979 1736 quidem
997 1667 1072 1719 non
1094 1667 1151 1738 ea,
1179 1669 1257 1739 qum

187 1745 309 1820 israeli
326 1742 446 1819 sutura
465 1743 737 1839 exspedantura
756 1745 868 1833 qualia
883 1760 1000 1820 autern
1018 1744 1074 1838 srs‘,
1095 1750 1153 1838 qui
1173 1751 1257 1843 bap·-

192 1849 305 1936 tima,
331 1843 524 1920 noscimur:
551 1863 659 1934 quare
683 1841 798 1915 isthuc
821 1864 888 1916 noa
910 1844 1066 1927 doceto,
1092 1861 1133 1919 ut
1151 1848 1258 1937 potii·

190 1965 273 2021 muo
293 1943 506 2018 renunciare
528 1944 599 2030 hia,
627 1943 685 2033 qui
711 1942 804 2018 hanc
826 1945 876 2016 ob
901 1944 1036 2020 censam
1061 1966 1131 2018 noa
1154 1948 1196 2020 ad
1221 1962 1258 2022 te

194 2042 376 2120 miserunt.
415 2042 558 2115 Rursus
578 2063 669 2116 vero
691 2044 798 2114 etiam
822 2043 995 2132 bochis,
1024 2065 1100 2136 que
1121 2066 1257 2140 propo·

192 2146 258 2222 fita
281 2146 381 2235 sunt,
407 2145 610 2237 proximum
636 2143 827 2229 addemus3
853 2143 1025 2216 videlicet
1049 2146 1148 2235 qnod
1170 2160 1259 2222 tem·

192 2266 261 2342 pus
289 2246 465 2317 adventur
488 2240 615 2327 Christi
643 2256 896 2317 commoverat
924 2247 1125 2336 populuma
1157 2246 1257 2340 quod

194 2346 337 2438 quidem
359 2359 499 2436 tempus
520 2346 592 2436 jam
617 2345 737 2433 aliquo
764 2343 876 2417 modo
904 2343 1054 2418 instabat
1077 2349 1172 2421 circa
1198 2369 1257 2427 an·

193 2466 288 2535 nos,
316 2447 374 2536 qui
394 2458 494 2516 erant
510 2446 553 2516 ab
571 2460 657 2516 ortu
675 2442 778 2537 Jesu‚
803 2444 958 2535 &paulo
972 2445 1129 2538 superius
1142 2468 1258 2539 uaquo

193 2546 238 2618 ad
257 2543 599 2627 demonstrationem
619 2544 892 2636 predicationis.
926 2545 1110 2639 Quocirca
1125 2547 1257 2633 Scribis

193 2645 228 2717 dr
253 2646 337 2739 legis
362 2644 509 2739 peritis,
537 2657 578 2715 ut
600 2643 788 2734 probabile
812 2658 909 2736 erat,
933 2644 1005 2735 jern
1028 2646 1260 2738 exspedianti·

190 2747 263 2819 bue
284 2765 384 2829 eum,
412 2746 471 2834 qui
497 2742 719 2835 sperabatur,
747 2743 828 2833 quia
852 2758 991 2836 tempus
1014 2748 1106 2817 iilius
1128 2768 1148 2818 e
1167 2747 1257 2819 divi-

191 2845 249 2919 nia
274 2843 464 2934 scripturis
489 2845 734 2936 collegerant,
761 2844 996 2916 tumultuatus
1019 2845 1069 2917 est
1087 2844 1257 2920 Theudae

191 2965 272 3019 non
298 2963 408 3035 parva
433 2944 662 3018 multitudine
689 2956 930 3037 congregata,
961 2956 1152 3035 tanquam,
1181 2949 1259 3038 opi-

193 3062 288 3121 nor,
321 3042 480 3116 Christus'
507 3040 619 3133 esset,
655 3040 692 3117 δ
719 3042 893 3137 popillium
920 3046 1025 3141 Judas
1051 3037 1200 3117 Galliam
1219 3056 1258 3116 nr

192 3144 299 3216 diebus
314 3140 524 3237 profeffionis.
560 3140 848 3215 Consentaneum
867 3164 954 3239 ergo
972 3143 1042 3235 esi,
1058 3144 1258 3220 cum-Chri·

192 3242 237 3337 sii
260 3243 436 3315 adventus
459 3241 661 3315 ferventius
686 3239 967 3334 exspectaretur,
1000 3245 1259 3340 divulgaretur·
1332 3245 1336 3257 '

194 3364 288 3435 que,
315 3344 457 3437 Judaeos
477 3343 521 3413 ab
545 3339 808 3433 Hierosolymis
824 3340 1039 3418 Sacerdotes
1061 3345 1092 3418 n
1109 3346 1269 3421 Levitae

193 3440 318 3517 misisse
341 3443 384 3513 ad
409 3441 607 3534 Joennem‚
633 3462 697 3534 per
719 3442 831 3515 illud:
869 3443 920 3515 nu
945 3451 1017 3540 quis
1037 3443 1098 3519 es?
1122 3443 1258 3519 discere

193 3544 389 3633 volentes,
415 3562 499 3616 num
518 3539 694 3614 fateretur
711 3539 858 3634 seipsum
875 3541 946 3616 esse
960 3542 1149 3641 Christum.
1228 3606 1230 3611 .

273 3663 306 3731 7.
334 3643 382 3714 Er
397 3648 781 3735 interrogaverunreum':
809 3645 898 3734 Quid
916 3643 1010 3736 ergo?
1045 3646 1179 3715 Esiarer
1195 3643 1258 3719 ru?

196 3744 364 3817 Ecdiciae
398 3744 478 3812 Non
499 3741 580 3829 sum.
626 3741 770 3816 Verum
794 3744 984 3818 enimvero
1008 3746 1085 3836 quis
1111 3746 1259 3826 audiena·

195 3841 312 3938 Jesum
332 3841 511 3915 dicentem
530 3840 575 3915 de
596 3837 758 3935 Joanne:
786 3845 825 3913 Si
840 3845 946 3912 vultis
962 3853 1110 3936 accipere,
1138 3847 1199 3940 ipse
1219 3848 1259 3938 ali

199 3945 313 4029 Elias,
340 3945 395 4038 qui
415 3956 572 4011 uenturus
591 3942 655 4036 «fl,
682 3962 758 4015 non
780 3943 982 4033 questurus
1008 3945 1071 4035 sn,
1100 3966 1259 4035 quonam

195 4040 302 4146 patio
327 4043 372 4120 td
395 4041 677 4151 interrogenteat
700 4043 799 4225 gilles
823 4068 854 4119 er
878 4049 936 4123 rat
965 4046 1285 4215 ‹ittet-§offav-

753 4167 774 4243 5
1204 4158 1290 4208 ‘m'
