2817 4575
109 188 116 344 l
171 293 177 306 f

309 341 597 422 ORIGENIS
638 341 705 421 IN
741 341 1053 444 JOANNEM.
1191 374 1219 458 7:

85 583 99 604 ‚
147 509 211 588 set.
265 505 320 580 At
342 507 504 582 nondum
528 502 747 599 peruenerat
770 506 912 584 adeum
930 505 1138 584 Ferrariam
1159 511 1214 589 in·

149 610 387 705 terpretatioa
414 621 680 700 proptereaque
694 611 732 680 in
750 603 1021 703 Explanationis
1037 608 1105 684 suae
1122 608 1212 686 Prae·

85 696 92 810 ζ
147 710 289 790 irtione
308 709 460 810 primurn
481 703 670 804 selabqris
695 707 800 799 hujus
815 710 1044 804 inceptorem
1061 707 1212 806 prolite-

146 825 214 900 tur.
266 804 439 881 Persualit
455 807 490 878 id
505 805 610 880 Sixto
627 805 791 909 Senenfi,
817 808 877 901 qui
894 807 1042 901 idipsum
1061 811 1215 907 retulit;l

144 907 267 992 sixtus
292 907 400 980 etiam
425 908 507 979 viro
529 905 695 1002 erudito,
721 909 782 998 qui
808 906 898 982 falso
926 908 1023 984 idern
1047 909 1207 986 iteravit.

144 1009 226 1090 iios
250 1021 371 1080 autem
394 1005 561 1100 codices,
587 1007 772 1080 Venetum
798 1007 832 1080 dt
853 1004 1030 1105 Regium,
1056 1031 1103 1084 ex
1127 1029 1204 1084 uno

143 1109 346 1206 eodemque
366 1101 502 1196 venisse
522 1107 715 1201 exemplari
739 1106 952 1201 intelligitur
967 1127 1013 1180 ex
1032 1106 1206 1184 continu

105 1245 108 1258 ·
141 1205 359 1283 Ferrarianae
376 1206 684 1300 interpretationis
702 1225 783 1280 curn
801 1204 1012 1282 Perioniana
1028 1207 1061 1288 dc
1076 1207 1204 1284 Graect

141 1306 268 1384 Huetii
291 1305 453 1380 editione
468 1307 513 1392 ad
526 1307 707 1399 exemplar
722 1304 875 1403 Regium
891 1305 1079 1402 expreffis,
1108 1305 1203 1381 adeo

142 1419 312 1492 accurate
332 1406 469 1478 lacuna
489 1406 628 1479 lacunis
644 1404 884 1499 respondent,
909 1408 996 1480 licet
1018 1408 1056 1481 in
1079 1408 1204 1498 aliqui

101 1525 105 1544 ·
139 1507 204 1582 bus
223 1502 420 1580 auidiorem
435 1502 470 1577 dt
483 1502 734 1598 petieiliorem
748 1503 849 1580 fuisse
866 1504 1022 1582 Ferrarii
1034 1508 1202 1584 codicem

138 1604 324 1682 fatendum
341 1603 393 1679 stt.
443 1607 531 1678 Hoc
546 1609 725 1700 precipue
742 1604 967 1698 discrepabat
982 1621 1137 1699 uterque
1156 1605 1202 1679 ll.

136 1705 229 1797 ber,
255 1703 356 1796 quod
378 1699 514 1800 Regius
538 1725 662 1780 veram
688 1725 731 1780 ac
747 1707 937 1804 genuinam
959 1727 1098 1782 novem
1121 1704 1203 1780 'Fo-

136 1825 280 1882 morum
303 1801 464 1878 servaret
482 1801 766 1895 distindtionem,
791 1825 872 1879 cum
893 1806 1060 1881 Venetus
1080 1807 1118 1879 in
1138 1806 1203 1878 tri·

160 1906 237 1980 inta
249 1905 346 1978 duos
368 1904 472 1976 unius
489 1923 531 1976 ac
550 1901 727 1976 continue
748 1901 846 1977 seriei
861 1903 1005 1981 Tomos
1020 1901 1131 1978 sectus
1148 1902 1201 1979 es-

135 1925 218 2098 ξεῖ,
241 2030 265 2078 a
285 2004 425 2077 Graccis
446 2004 575 2101 quodam
600 2007 717 2076 incerti
734 2010 896 2094 nominis,
922 2005 973 2076 ait
993 2005 1115 2078 Sixtus
1137 2004 1202 2079 Se·

135 2102 276 2196 nenfls,
299 2129 383 2176 nono
395 2105 564 2203 impostura
573 2127 703 2198 genere,
728 2121 768 2177 tlt
782 2125 857 2199 opus
870 2128 1073 2177 numerorum
1085 2105 1201 2175 multi.

135 2207 255 2291 tudine·
268 2202 422 2298 audium,
444 2206 485 2282 U
510 2207 722 2278 arithmetice
739 2205 979 2301 supputationis·
997 2204 1109 2301 ordine
1124 2229 1200 2275 con·

136 2312 310 2379 tiridatem
331 2306 498 2396 optabilius
522 2305 683 2396 redderet,
709 2333 743 2379 ac
769 2310 883 2403 majori
903 2312 1005 2409 pretr't
1028 2307 1200 2381 vendent:

134 2406 235 2481 unde
247 2402 388 2495 delusus
401 2403 581 2480 Ferrarius
598 2407 756 2482 eamdem
773 2407 923 2479 retinuit
936 2407 1016 2479 libri
1032 2407 1200 2502 partitio·

134 2524 241 2599 nem,
268 2504 303 2578 dt
322 2526 343 2578 e
359 2506 503 2603 triginta
521 2525 656 2579 novem
678 2505 828 2597 Tomis,
856 2527 946 2597 quos
967 2508 1004 2579 in
1019 2508 1200 2602 Joannem

131 2603 303 2699 scripfiffe
319 2601 513 2701 Origenern
526 2608 691 2696 putabat,
716 2606 850 2698 septem
867 2604 979 2680 solum
994 2604 1199 2702 postremos

133 2704 353 2794 desiderari,
380 2705 415 2801 dt
440 2707 577 2800 exiguis
604 2705 750 2797 aliquod
775 2705 949 2778 duntaxat
973 2707 1108 2778 lacunis
1138 2706 1201 2778 ab·

131 2819 278 2899 ruptam
293 2802 364 2879 effe
384 2809 505 2897 operis
521 2802 643 2879 seriem
658 2805 805 2879 censuit.
860 2807 1084 2903 Quamquam
1106 2805 1200 2877 irau-

133 2904 221 2981 dem
243 2901 390 2983 subinde
414 2907 589 2981 odoratus
614 2903 666 2981 est
685 2907 741 2977 vir
766 2906 826 2982 ille
849 2905 1032 2996 eruditus,
1057 2906 1200 2978 namin

133 3005 260 3101 priore
272 3004 583 3097 interpretationis
593 2999 660 3077 suae
670 3005 849 3093 editione,
867 3001 1092 3078 initioTorni
1102 3002 1197 3078 XIX.

134 3106 179 3178 ad
204 3123 326 3197 oram,
350 3101 514 3197 suspicari
538 3100 573 3177 se
595 3100 715 3178 scribit
735 3105 849 3177 hosce
871 3101 1038 3198 Tomos,
1064 3125 1111 3179 ne
1134 3124 1199 3179 nu·

133 3224 253 3297 merus
270 3206 579 3297 interpellaretur,
606 3206 656 3277 ita
668 3200 768 3276 fuisse
785 3201 960 3283 diurnos.

138 3364 145 3373 .
210 3300 277 3378 VI.
304 3304 356 3381 At
371 3301 610 3379 illustriffimus
621 3302 790 3397 litterius,
806 3307 863 3396 qui
875 3305 1008 3400 primus
1023 3322 1088 3376 eos
1101 3301 1198 3377 Gtae-

136 3401 308 3481 credidit
325 3403 548 3498 Rotlromagi
563 3423 658 3475 anno
685 3402 789 3484 1668.
811 3404 909 3479 suurn
924 3404 1055 3493 cuique
1073 3423 1195 3476 nume-

133 3522 215 3579 rum
234 3503 274 3575 in
293 3500 424 3576 Graeco
446 3500 620 3594 restituit,
646 3501 786 3576 servata
808 3503 959 3577 Ferrarii
983 3505 1197 3595 interpreta-

131 3602 261 3691 tione,
287 3617 329 3676 ut
352 3615 432 3676 erat
456 3605 576 3694 prius,
602 3607 639 3675 in
661 3624 719 3694 qa.
741 3602 884 3677 Tomos
907 3601 1114 3697 distributa,
1141 3617 1197 3680 ut·

133 3716 225 3800 pote
250 3702 489 3795 quaelicet&
514 3704 552 3774 in
577 3705 744 3777 oratione
772 3703 942 3792 horrida,
968 3722 1086 3795 neque
1115 3700 1196 3780 satis

134 3820 243 3896 pura,
267 3799 483 3875 Perioniana
509 3816 627 3882 tamen
651 3802 801 3875 nitidior
825 3802 859 3881 ¹dt
882 3803 1032 3893 melior,
1060 3800 1196 3875 Grecis

131 3902 286 3996 propius
313 3898 464 3993 insiliat,
490 3900 656 3995 suamque
679 3898 787 3976 fidem
812 3899 891 3975 satis
914 3900 1066 3996 prestet.
1117 3898 1197 3974 Suis

85 4009 87 4015 '
132 4014 257 4089 tamen
286 4003 431 4077 laborat
450 4023 596 4097 quoque
618 4003 739 4181 ratiis,
773 4002 808 4079 dr
830 4003 870 4080 in
894 4024 943 4081 eo
964 4000 1122 4077 Ferrarii
1137 4001 1210 4077 uel

212 4150 215 4155 ·
694 4130 721 4202 4
1012 4106 1183 4200 tendor,

85 889 91 918 l

85 969 90 1008 l
