<?xml version="1.0" encoding="UTF-8"?>
<!DOCTYPE html PUBLIC "-//W3C//DTD XHTML 1.0 Transitional//EN"
    "http://www.w3.org/TR/xhtml1/DTD/xhtml1-transitional.dtd">
<html xmlns="http://www.w3.org/1999/xhtml" xml:lang="en" lang="en">
 <head>
  <title>
</title>
<meta http-equiv="Content-Type" content="text/html;charset=utf-8" />
  <meta name='ocr-system' content='tesseract 3.04.00' />
  <meta name='ocr-capabilities' content='ocr_page ocr_carea ocr_par ocr_line ocrx_word'/>
</head>
<body>
  <div class='ocr_page' id='page_1' title='image "./operaomniasanct07unkngoog_0225.png"; bbox 0 0 2817 4575; ppageno 0'>
   <div class='ocr_carea' id='block_1_1' title="bbox 160 241 1237 568">
    <p class='ocr_par' dir='ltr' id='par_1_1' title="bbox 160 241 1237 568">
     <span class='ocr_line' id='line_1_1' title="bbox 251 241 1237 424; baseline 0 -36"><span class='ocrx_word' id='word_1_1' title='bbox 251 293 286 354; x_wconf 85' lang='lat'><strong>·&#39;</strong></span> <span class='ocrx_word' id='word_1_2' title='bbox 346 243 412 388; x_wconf 75' lang='lat' dir='ltr'><strong>rn‘¹</strong></span> <span class='ocrx_word' id='word_1_3' title='bbox 450 241 734 408; x_wconf 75' lang='lat' dir='ltr'><strong>Jounnrn</strong></span> <span class='ocrx_word' id='word_1_4' title='bbox 768 296 982 424; x_wconf 76' lang='lat' dir='ltr'><strong>&#39;nonos</strong></span> <span class='ocrx_word' id='word_1_5' title='bbox 1019 307 1073 392; x_wconf 84' lang='lat' dir='ltr'><strong>rr</strong></span> <span class='ocrx_word' id='word_1_6' title='bbox 1158 306 1237 409; x_wconf 66' lang='grc' dir='ltr'><strong>ψ·</strong></span> 
     </span>
     <span class='ocr_line' id='line_1_2' title="bbox 160 467 1233 568; baseline -0.001 -15"><span class='ocrx_word' id='word_1_7' title='bbox 160 475 312 568; x_wconf 77' lang='lat' dir='ltr'><strong>ientet,</strong></span> <span class='ocrx_word' id='word_1_8' title='bbox 338 476 420 567; x_wconf 80' lang='lat' dir='ltr'><strong>quia</strong></span> <span class='ocrx_word' id='word_1_9' title='bbox 441 467 496 566; x_wconf 79' lang='lat' dir='ltr'><strong>jur</strong></span> <span class='ocrx_word' id='word_1_10' title='bbox 517 467 677 545; x_wconf 77' lang='lat' dir='ltr'><strong>civitatir&#39;</strong></span> <span class='ocrx_word' id='word_1_11' title='bbox 699 469 736 544; x_wconf 93' lang='lat' dir='ltr'><strong>in</strong></span> <span class='ocrx_word' id='word_1_12' title='bbox 759 473 855 546; x_wconf 83' lang='lat' dir='ltr'><strong>coelis</strong></span> <span class='ocrx_word' id='word_1_13' title='bbox 877 471 1053 566; x_wconf 80' lang='lat' dir='ltr'>habeant,</span> <span class='ocrx_word' id='word_1_14' title='bbox 1079 473 1233 553; x_wconf 81' lang='lat' dir='ltr'><strong>treiestir</strong></span> 
     </span>
    </p>
   </div>
   <div class='ocr_carea' id='block_1_2' title="bbox 120 571 1328 4163">
    <p class='ocr_par' dir='ltr' id='par_1_2' title="bbox 164 571 1328 1668">
     <span class='ocr_line' id='line_1_3' title="bbox 169 571 1231 669; baseline -0.001 -17"><span class='ocrx_word' id='word_1_15' title='bbox 169 577 488 669; x_wconf 86' lang='lat' dir='ltr'><strong>contemplentur,</strong></span> <span class='ocrx_word' id='word_1_16' title='bbox 507 571 658 645; x_wconf 69' lang='lat' dir='ltr'><strong>Dividit</strong></span> <span class='ocrx_word' id='word_1_17' title='bbox 678 572 772 644; x_wconf 87' lang='lat' dir='ltr'><strong>clavi</strong></span> <span class='ocrx_word' id='word_1_18' title='bbox 789 588 931 662; x_wconf 60' lang='lat' dir='ltr'><strong>apertu</strong></span> <span class='ocrx_word' id='word_1_19' title='bbox 956 595 1086 668; x_wconf 86' lang='lat' dir='ltr'>nempe</span> <span class='ocrx_word' id='word_1_20' title='bbox 1105 577 1231 652; x_wconf 89' lang='lat' dir='ltr'><strong>divino</strong></span> 
     </span>
     <span class='ocr_line' id='line_1_4' title="bbox 168 671 1231 768; baseline 0.001 -18"><span class='ocrx_word' id='word_1_21' title='bbox 168 676 347 751; x_wconf 84' lang='lat' dir='ltr'><strong>Sermone</strong></span> <span class='ocrx_word' id='word_1_22' title='bbox 356 673 546 768; x_wconf 76' lang='lat' dir='ltr'><strong>&#39;operiente</strong></span> <span class='ocrx_word' id='word_1_23' title='bbox 564 691 626 758; x_wconf 82' lang='lat' dir='ltr'><strong>er,</strong></span> <span class='ocrx_word' id='word_1_24' title='bbox 654 671 686 743; x_wconf 69' lang='grc' dir='ltr'><strong>ἃ</strong></span> <span class='ocrx_word' id='word_1_25' title='bbox 704 671 970 764; x_wconf 81' lang='lat' dir='ltr'><strong>manifestante,</strong></span> <span class='ocrx_word' id='word_1_26' title='bbox 990 694 1038 748; x_wconf 91' lang='lat' dir='ltr'><strong>eo</strong></span> <span class='ocrx_word' id='word_1_27' title='bbox 1056 675 1154 768; x_wconf 88' lang='lat' dir='ltr'><strong>quod</strong></span> <span class='ocrx_word' id='word_1_28' title='bbox 1169 697 1231 751; x_wconf 65' lang='lat' dir='ltr'><strong>ven</strong></span> 
     </span>
     <span class='ocr_line' id='line_1_5' title="bbox 168 765 1232 868; baseline 0.002 -20"><span class='ocrx_word' id='word_1_29' title='bbox 168 777 277 852; x_wconf 81' lang='lat' dir='ltr'><strong>hatur</strong></span> <span class='ocrx_word' id='word_1_30' title='bbox 300 795 417 867; x_wconf 86' lang='lat' dir='ltr'><strong>equo,</strong></span> <span class='ocrx_word' id='word_1_31' title='bbox 442 773 522 845; x_wconf 88' lang='lat' dir='ltr'><strong>hoc·</strong></span> <span class='ocrx_word' id='word_1_32' title='bbox 534 765 586 844; x_wconf 91' lang='lat' dir='ltr'><strong>est</strong></span> <span class='ocrx_word' id='word_1_33' title='bbox 604 770 759 843; x_wconf 77' lang='lat' dir='ltr'><strong>vocibus</strong></span> <span class='ocrx_word' id='word_1_34' title='bbox 779 768 970 868; x_wconf 77' lang='lat' dir='ltr'><strong>significata</strong></span> <span class='ocrx_word' id='word_1_35' title='bbox 990 776 1232 850; x_wconf 72' lang='lat' dir='ltr'><strong>renunciant·</strong></span> 
     </span>
     <span class='ocr_line' id='line_1_6' title="bbox 169 870 1301 966; baseline -0.005 -16"><span class='ocrx_word' id='word_1_36' title='bbox 169 877 260 964; x_wconf 79' lang='lat' dir='ltr'><strong>bus3</strong></span> <span class='ocrx_word' id='word_1_37' title='bbox 286 877 390 965; x_wconf 83' lang='lat' dir='ltr'><strong>elbo,</strong></span> <span class='ocrx_word' id='word_1_38' title='bbox 418 886 569 965; x_wconf 91' lang='lat' dir='ltr'><strong>propter</strong></span> <span class='ocrx_word' id='word_1_39' title='bbox 585 870 825 964; x_wconf 81' lang='lat' dir='ltr'>perspicuam,</span> <span class='ocrx_word' id='word_1_40' title='bbox 852 871 1110 966; x_wconf 59' lang='lat' dir='ltr'><strong>&amp;candidam</strong></span> <span class='ocrx_word' id='word_1_41' title='bbox 1126 876 1159 946; x_wconf 74' lang='lat' dir='ltr'><strong>it</strong></span> <span class='ocrx_word' id='word_1_42' title='bbox 1176 879 1230 950; x_wconf 68' lang='lat' dir='ltr'><strong>lu·</strong></span> <span class='ocrx_word' id='word_1_43' title='bbox 1299 875 1301 880; x_wconf 83' lang='lat'>&#39;</span> 
     </span>
     <span class='ocr_line' id='line_1_7' title="bbox 169 967 1230 1071; baseline 0.004 -23"><span class='ocrx_word' id='word_1_44' title='bbox 169 976 286 1048; x_wconf 85' lang='lat' dir='ltr'><strong>eidam</strong></span> <span class='ocrx_word' id='word_1_45' title='bbox 310 971 568 1071; x_wconf 84' lang='lat' dir='ltr'><strong>cognitionem.</strong></span> <span class='ocrx_word' id='word_1_46' title='bbox 616 967 728 1042; x_wconf 84' lang='lat' dir='ltr'>Sedet</span> <span class='ocrx_word' id='word_1_47' title='bbox 750 986 870 1044; x_wconf 80' lang='lat' dir='ltr'><strong>autern</strong></span> <span class='ocrx_word' id='word_1_48' title='bbox 893 968 997 1065; x_wconf 88' lang='lat' dir='ltr'><strong>super</strong></span> <span class='ocrx_word' id='word_1_49' title='bbox 1024 994 1154 1063; x_wconf 87' lang='lat' dir='ltr'><strong>equum</strong></span> <span class='ocrx_word' id='word_1_50' title='bbox 1183 979 1230 1052; x_wconf 79' lang='lat' dir='ltr'><strong>al·</strong></span> 
     </span>
     <span class='ocr_line' id='line_1_8' title="bbox 167 1065 1229 1164; baseline 0.002 -17"><span class='ocrx_word' id='word_1_51' title='bbox 167 1077 255 1162; x_wconf 83' lang='lat' dir='ltr'><strong>burn</strong></span> <span class='ocrx_word' id='word_1_52' title='bbox 271 1075 353 1164; x_wconf 84' lang='lat' dir='ltr'><strong>ille,</strong></span> <span class='ocrx_word' id='word_1_53' title='bbox 380 1072 439 1162; x_wconf 88' lang='lat' dir='ltr'><strong>qui</strong></span> <span class='ocrx_word' id='word_1_54' title='bbox 460 1085 616 1142; x_wconf 80' lang='lat' dir='ltr'><strong>vocator</strong></span> <span class='ocrx_word' id='word_1_55' title='bbox 634 1065 769 1154; x_wconf 88' lang='lat' dir='ltr'><strong>fidelis,</strong></span> <span class='ocrx_word' id='word_1_56' title='bbox 796 1067 929 1144; x_wconf 85' lang='lat' dir='ltr'><strong>firmius</strong></span> <span class='ocrx_word' id='word_1_57' title='bbox 955 1072 988 1142; x_wconf 73' lang='grc' dir='ltr'><strong>ἃ</strong></span> <span class='ocrx_word' id='word_1_58' title='bbox 1010 1069 1079 1164; x_wconf 92' lang='lat' dir='ltr'><strong>(ut</strong></span> <span class='ocrx_word' id='word_1_59' title='bbox 1105 1073 1155 1147; x_wconf 81' lang='lat' dir='ltr'><strong>ita</strong></span> <span class='ocrx_word' id='word_1_60' title='bbox 1178 1075 1229 1149; x_wconf 82' lang='lat' dir='ltr'><strong>di·</strong></span> 
     </span>
     <span class='ocr_line' id='line_1_9' title="bbox 167 1168 1229 1268; baseline 0.002 -21"><span class='ocrx_word' id='word_1_61' title='bbox 167 1195 247 1247; x_wconf 80' lang='lat' dir='ltr'><strong>cam</strong></span> <span class='ocrx_word' id='word_1_62' title='bbox 259 1175 278 1266; x_wconf 95' lang='lat'>)</span> <span class='ocrx_word' id='word_1_63' title='bbox 292 1173 444 1268; x_wconf 77' lang='lat' dir='ltr'><strong>regalius</strong></span> <span class='ocrx_word' id='word_1_64' title='bbox 461 1168 615 1242; x_wconf 76' lang='lat' dir='ltr'><strong>insidens</strong></span> <span class='ocrx_word' id='word_1_65' title='bbox 630 1169 668 1242; x_wconf 93' lang='lat' dir='ltr'><strong>in</strong></span> <span class='ocrx_word' id='word_1_66' title='bbox 684 1171 855 1261; x_wconf 85' lang='lat' dir='ltr'><strong>vocibus,</strong></span> <span class='ocrx_word' id='word_1_67' title='bbox 880 1190 959 1261; x_wconf 76' lang='lat' dir='ltr'><strong>qun</strong></span> <span class='ocrx_word' id='word_1_68' title='bbox 976 1173 1134 1243; x_wconf 86' lang='lat' dir='ltr'><strong>subverti</strong></span> <span class='ocrx_word' id='word_1_69' title='bbox 1151 1192 1229 1250; x_wconf 92' lang='lat' dir='ltr'><strong>non</strong></span> 
     </span>
     <span class='ocr_line' id='line_1_10' title="bbox 165 1269 1228 1372; baseline 0.002 -26"><span class='ocrx_word' id='word_1_70' title='bbox 165 1271 326 1370; x_wconf 77' lang='lat' dir='ltr'><strong>potsunt,</strong></span> <span class='ocrx_word' id='word_1_71' title='bbox 346 1290 388 1343; x_wconf 81' lang='lat' dir='ltr'><strong>ac</strong></span> <span class='ocrx_word' id='word_1_72' title='bbox 405 1271 536 1360; x_wconf 85' lang='lat' dir='ltr'><strong>quovis</strong></span> <span class='ocrx_word' id='word_1_73' title='bbox 550 1269 825 1363; x_wconf 81' lang='lat' dir='ltr'><strong>equovelocius</strong></span> <span class='ocrx_word' id='word_1_74' title='bbox 841 1288 882 1340; x_wconf 78' lang='lat' dir='ltr'><strong>te</strong></span> <span class='ocrx_word' id='word_1_75' title='bbox 896 1272 1046 1343; x_wconf 85' lang='lat' dir='ltr'><strong>celerius</strong></span> <span class='ocrx_word' id='word_1_76' title='bbox 1064 1286 1228 1372; x_wconf 68' lang='lat' dir='ltr'><strong>currunt,</strong></span> 
     </span>
     <span class='ocr_line' id='line_1_11' title="bbox 167 1364 1261 1470; baseline 0.003 -24"><span class='ocrx_word' id='word_1_77' title='bbox 167 1375 203 1446; x_wconf 77' lang='grc' dir='ltr'>ἃ</span> <span class='ocrx_word' id='word_1_78' title='bbox 221 1374 336 1470; x_wconf 83' lang='lat' dir='ltr'><strong>gloria</strong></span> <span class='ocrx_word' id='word_1_79' title='bbox 354 1374 391 1443; x_wconf 96' lang='lat' dir='ltr'><strong>in</strong></span> <span class='ocrx_word' id='word_1_80' title='bbox 406 1367 482 1461; x_wconf 90' lang='lat' dir='ltr'><strong>ipso</strong></span> <span class='ocrx_word' id='word_1_81' title='bbox 497 1369 634 1463; x_wconf 87' lang='lat' dir='ltr'><strong>impetu</strong></span> <span class='ocrx_word' id='word_1_82' title='bbox 647 1365 812 1459; x_wconf 81' lang='lat' dir='ltr'><strong>superant</strong></span> <span class='ocrx_word' id='word_1_83' title='bbox 829 1364 1064 1444; x_wconf 77' lang='lat' dir='ltr'><strong>adversarium</strong></span> <span class='ocrx_word' id='word_1_84' title='bbox 1081 1390 1228 1450; x_wconf 89' lang='lat' dir='ltr'><strong>omnem</strong></span> <span class='ocrx_word' id='word_1_85' title='bbox 1258 1461 1261 1467; x_wconf 42' lang='grc'><strong>,</strong></span> 
     </span>
     <span class='ocr_line' id='line_1_12' title="bbox 164 1466 1328 1560; baseline -0.005 -12"><span class='ocrx_word' id='word_1_86' title='bbox 164 1473 389 1548; x_wconf 76' lang='lat' dir='ltr'><strong>simulantem</strong></span> <span class='ocrx_word' id='word_1_87' title='bbox 407 1468 443 1540; x_wconf 90' lang='lat' dir='ltr'><strong>se</strong></span> <span class='ocrx_word' id='word_1_88' title='bbox 457 1466 526 1540; x_wconf 83' lang='lat' dir='ltr'><strong>effe</strong></span> <span class='ocrx_word' id='word_1_89' title='bbox 542 1469 771 1552; x_wconf 83' lang='lat' dir='ltr'><strong>sermonem,</strong></span> <span class='ocrx_word' id='word_1_90' title='bbox 797 1467 992 1560; x_wconf 88' lang='lat' dir='ltr'><strong>itidemque</strong></span> <span class='ocrx_word' id='word_1_91' title='bbox 1009 1469 1228 1548; x_wconf 77' lang='lat' dir='ltr'><strong>simulantem</strong></span> <span class='ocrx_word' id='word_1_92' title='bbox 1250 1475 1270 1552; x_wconf 66' lang='grc' dir='ltr'>ᾗ</span> <span class='ocrx_word' id='word_1_93' title='bbox 1321 1527 1328 1542; x_wconf 94' lang='grc'><strong><em>.</em></strong></span> 
     </span>
     <span class='ocr_line' id='line_1_13' title="bbox 166 1567 1229 1668; baseline 0.004 -22"><span class='ocrx_word' id='word_1_94' title='bbox 166 1571 204 1646; x_wconf 88' lang='lat' dir='ltr'><strong>se</strong></span> <span class='ocrx_word' id='word_1_95' title='bbox 222 1570 293 1644; x_wconf 84' lang='lat' dir='ltr'><strong>eiie</strong></span> <span class='ocrx_word' id='word_1_96' title='bbox 307 1570 497 1642; x_wconf 86' lang='lat' dir='ltr'><strong>veritatem</strong></span> <span class='ocrx_word' id='word_1_97' title='bbox 516 1567 549 1639; x_wconf 75' lang='grc' dir='ltr'><strong>δι</strong></span> <span class='ocrx_word' id='word_1_98' title='bbox 568 1567 806 1668; x_wconf 84' lang='lat' dir='ltr'><strong>apparentem</strong></span> <span class='ocrx_word' id='word_1_99' title='bbox 818 1572 1018 1656; x_wconf 80' lang='lat' dir='ltr'><strong>veritatem.</strong></span> <span class='ocrx_word' id='word_1_100' title='bbox 1060 1571 1229 1650; x_wconf 77' lang='lat' dir='ltr'><strong>Vocatur</strong></span> 
     </span>
    </p>

    <p class='ocr_par' dir='ltr' id='par_1_3' title="bbox 134 1665 1258 2157">
     <span class='ocr_line' id='line_1_14' title="bbox 134 1665 1229 1763; baseline 0.004 -19"><span class='ocrx_word' id='word_1_101' title='bbox 134 1737 142 1744; x_wconf 89' lang='lat'><em>.</em></span> <span class='ocrx_word' id='word_1_102' title='bbox 166 1686 289 1748; x_wconf 81' lang='lat' dir='ltr'><strong>nutem</strong></span> <span class='ocrx_word' id='word_1_103' title='bbox 303 1665 432 1759; x_wconf 78' lang='lat' dir='ltr'><strong>fide-iis,</strong></span> <span class='ocrx_word' id='word_1_104' title='bbox 458 1668 517 1758; x_wconf 88' lang='lat' dir='ltr'><strong>qui</strong></span> <span class='ocrx_word' id='word_1_105' title='bbox 534 1667 632 1740; x_wconf 87' lang='lat' dir='ltr'><strong>sedet</strong></span> <span class='ocrx_word' id='word_1_106' title='bbox 646 1668 682 1739; x_wconf 92' lang='lat' dir='ltr'><strong>in</strong></span> <span class='ocrx_word' id='word_1_107' title='bbox 701 1687 798 1757; x_wconf 88' lang='lat' dir='ltr'><strong>equo</strong></span> <span class='ocrx_word' id='word_1_108' title='bbox 815 1667 913 1763; x_wconf 79' lang='lat' dir='ltr'><strong>albo,</strong></span> <span class='ocrx_word' id='word_1_109' title='bbox 938 1665 1106 1760; x_wconf 84' lang='lat' dir='ltr'><strong>&#39;nunquia</strong></span> <span class='ocrx_word' id='word_1_110' title='bbox 1120 1670 1229 1748; x_wconf 84' lang='lat' dir='ltr'><strong>tidem</strong></span> 
     </span>
     <span class='ocr_line' id='line_1_15' title="bbox 165 1761 1230 1861; baseline -0.001 -15"><span class='ocrx_word' id='word_1_111' title='bbox 165 1770 274 1846; x_wconf 80' lang='lat' dir='ltr'><strong>uiicui</strong></span> <span class='ocrx_word' id='word_1_112' title='bbox 301 1768 451 1848; x_wconf 81' lang='lat' dir='ltr'><strong>habeat,</strong></span> <span class='ocrx_word' id='word_1_113' title='bbox 478 1764 536 1839; x_wconf 90' lang='lat' dir='ltr'><strong>sed</strong></span> <span class='ocrx_word' id='word_1_114' title='bbox 558 1767 639 1856; x_wconf 84' lang='lat' dir='ltr'><strong>quia</strong></span> <span class='ocrx_word' id='word_1_115' title='bbox 658 1761 730 1838; x_wconf 86' lang='lat' dir='ltr'><strong>fide</strong></span> <span class='ocrx_word' id='word_1_116' title='bbox 758 1766 885 1861; x_wconf 80' lang='lat' dir='ltr'><strong>dignus</strong></span> <span class='ocrx_word' id='word_1_117' title='bbox 906 1765 959 1843; x_wconf 84' lang='lat' dir='ltr'><strong>stt.</strong></span> <span class='ocrx_word' id='word_1_118' title='bbox 1009 1765 1104 1844; x_wconf 81' lang='lat' dir='ltr'><strong>Nam</strong></span> <span class='ocrx_word' id='word_1_119' title='bbox 1123 1767 1230 1846; x_wconf 85' lang='lat' dir='ltr'>Mose</span> 
     </span>
     <span class='ocr_line' id='line_1_16' title="bbox 166 1859 1231 1953; baseline 0.002 -8"><span class='ocrx_word' id='word_1_120' title='bbox 166 1869 270 1953; x_wconf 87' lang='lat' dir='ltr'><strong>teste,</strong></span> <span class='ocrx_word' id='word_1_121' title='bbox 295 1865 410 1940; x_wconf 81' lang='lat' dir='ltr'><strong>fidelis</strong></span> <span class='ocrx_word' id='word_1_122' title='bbox 425 1867 459 1937; x_wconf 65' lang='grc' dir='ltr'>ἃ</span> <span class='ocrx_word' id='word_1_123' title='bbox 480 1882 591 1936; x_wconf 83' lang='lat' dir='ltr'>verax</span> <span class='ocrx_word' id='word_1_124' title='bbox 607 1859 659 1937; x_wconf 89' lang='lat' dir='ltr'><strong>est</strong></span> <span class='ocrx_word' id='word_1_125' title='bbox 676 1861 867 1937; x_wconf 76' lang='lat' dir='ltr'><strong>Dominus.</strong></span> <span class='ocrx_word' id='word_1_126' title='bbox 919 1866 1042 1941; x_wconf 86' lang='lat' dir='ltr'><strong>Verax</strong></span> <span class='ocrx_word' id='word_1_127' title='bbox 1060 1865 1110 1942; x_wconf 91' lang='lat' dir='ltr'><strong>est</strong></span> <span class='ocrx_word' id='word_1_128' title='bbox 1123 1872 1231 1948; x_wconf 81' lang='lat' dir='ltr'><strong>etiam</strong></span> 
     </span>
     <span class='ocr_line' id='line_1_17' title="bbox 168 1961 1252 2063; baseline -0.006 -19"><span class='ocrx_word' id='word_1_129' title='bbox 168 1969 214 2044; x_wconf 80' lang='lat' dir='ltr'><strong>ed</strong></span> <span class='ocrx_word' id='word_1_130' title='bbox 237 1964 474 2042; x_wconf 79' lang='lat' dir='ltr'><strong>differentium</strong></span> <span class='ocrx_word' id='word_1_131' title='bbox 499 1967 632 2037; x_wconf 75' lang='lat' dir='ltr'><strong>umbre</strong></span> <span class='ocrx_word' id='word_1_132' title='bbox 655 1965 687 2037; x_wconf 68' lang='grc' dir='ltr'>ἃ</span> <span class='ocrx_word' id='word_1_133' title='bbox 709 1961 831 2060; x_wconf 74' lang='lat' dir='ltr'><strong>figurae</strong></span> <span class='ocrx_word' id='word_1_134' title='bbox 857 1964 891 2037; x_wconf 70' lang='grc' dir='ltr'><strong>δι</strong></span> <span class='ocrx_word' id='word_1_135' title='bbox 919 1967 1102 2060; x_wconf 82' lang='lat' dir='ltr'><strong>imaginis:</strong></span> <span class='ocrx_word' id='word_1_136' title='bbox 1138 1985 1252 2063; x_wconf 78' lang='lat' dir='ltr'><strong>quo·-</strong></span> 
     </span>
     <span class='ocr_line' id='line_1_18' title="bbox 167 2062 1258 2157; baseline 0.002 -13"><span class='ocrx_word' id='word_1_137' title='bbox 167 2074 265 2144; x_wconf 79' lang='lat' dir='ltr'><strong>niem</strong></span> <span class='ocrx_word' id='word_1_138' title='bbox 280 2068 360 2140; x_wconf 79' lang='lat' dir='ltr'><strong>talis</strong></span> <span class='ocrx_word' id='word_1_139' title='bbox 376 2065 426 2138; x_wconf 92' lang='lat' dir='ltr'><strong>est</strong></span> <span class='ocrx_word' id='word_1_140' title='bbox 440 2067 500 2137; x_wconf 84' lang='lat' dir='ltr'><strong>ilie</strong></span> <span class='ocrx_word' id='word_1_141' title='bbox 514 2063 657 2154; x_wconf 85' lang='lat' dir='ltr'><strong>Sermo,</strong></span> <span class='ocrx_word' id='word_1_142' title='bbox 674 2065 734 2154; x_wconf 88' lang='lat' dir='ltr'><strong>qui</strong></span> <span class='ocrx_word' id='word_1_143' title='bbox 753 2062 856 2140; x_wconf 89' lang='lat' dir='ltr'><strong>estin</strong></span> <span class='ocrx_word' id='word_1_144' title='bbox 875 2066 968 2138; x_wconf 88' lang='lat' dir='ltr'><strong>coelo</strong></span> <span class='ocrx_word' id='word_1_145' title='bbox 982 2082 1133 2157; x_wconf 80' lang='lat' dir='ltr'><strong>apert03</strong></span> <span class='ocrx_word' id='word_1_146' title='bbox 1151 2083 1229 2146; x_wconf 82' lang='lat' dir='ltr'><strong>non</strong></span> <span class='ocrx_word' id='word_1_147' title='bbox 1255 2073 1258 2080; x_wconf 83' lang='lat'>&#39;</span> 
     </span>
    </p>

    <p class='ocr_par' dir='ltr' id='par_1_4' title="bbox 140 2163 1261 2560">
     <span class='ocr_line' id='line_1_19' title="bbox 140 2163 1232 2262; baseline 0 -19"><span class='ocrx_word' id='word_1_148' title='bbox 140 2255 143 2262; x_wconf 27' lang='lat'><strong>¹</strong></span> <span class='ocrx_word' id='word_1_149' title='bbox 168 2171 265 2243; x_wconf 86' lang='lat' dir='ltr'><strong>enim</strong></span> <span class='ocrx_word' id='word_1_150' title='bbox 283 2167 362 2240; x_wconf 80' lang='lat' dir='ltr'><strong>tulis</strong></span> <span class='ocrx_word' id='word_1_151' title='bbox 382 2163 432 2238; x_wconf 91' lang='lat' dir='ltr'><strong>est</strong></span> <span class='ocrx_word' id='word_1_152' title='bbox 448 2163 574 2237; x_wconf 87' lang='lat' dir='ltr'><strong>Sermo</strong></span> <span class='ocrx_word' id='word_1_153' title='bbox 594 2163 789 2250; x_wconf 83' lang='lat' dir='ltr'><strong>terrestris,</strong></span> <span class='ocrx_word' id='word_1_154' title='bbox 817 2165 929 2253; x_wconf 84' lang='lat' dir='ltr'><strong>qualis</strong></span> <span class='ocrx_word' id='word_1_155' title='bbox 950 2163 1121 2258; x_wconf 71' lang='lat' dir='ltr'><strong>coelestis,</strong></span> <span class='ocrx_word' id='word_1_156' title='bbox 1148 2171 1232 2260; x_wconf 82' lang='lat' dir='ltr'><strong>quie</strong></span> 
     </span>
     <span class='ocr_line' id='line_1_20' title="bbox 169 2261 1261 2361; baseline -0.002 -16"><span class='ocrx_word' id='word_1_157' title='bbox 169 2267 283 2345; x_wconf 76' lang='lat' dir='ltr'><strong>fuitus</strong></span> <span class='ocrx_word' id='word_1_158' title='bbox 306 2282 393 2339; x_wconf 83' lang='lat' dir='ltr'><strong>caro</strong></span> <span class='ocrx_word' id='word_1_159' title='bbox 410 2283 480 2359; x_wconf 64' lang='lat' dir='ltr'><strong>{per</strong></span> <span class='ocrx_word' id='word_1_160' title='bbox 505 2266 647 2337; x_wconf 79' lang='lat' dir='ltr'><strong>umbras</strong></span> <span class='ocrx_word' id='word_1_161' title='bbox 666 2263 700 2336; x_wconf 71' lang='lat' dir='ltr'><strong>tt</strong></span> <span class='ocrx_word' id='word_1_162' title='bbox 722 2261 851 2359; x_wconf 84' lang='lat' dir='ltr'><strong>figuras</strong></span> <span class='ocrx_word' id='word_1_163' title='bbox 877 2263 1096 2361; x_wconf 81' lang='lat' dir='ltr'><strong>&amp;imagines</strong></span> <span class='ocrx_word' id='word_1_164' title='bbox 1108 2268 1232 2360; x_wconf 82' lang='lat' dir='ltr'><strong>ioqui·</strong></span> <span class='ocrx_word' id='word_1_165' title='bbox 1258 2342 1261 2355; x_wconf 89' lang='grc'>,</span> 
     </span>
     <span class='ocr_line' id='line_1_21' title="bbox 170 2365 1254 2464; baseline -0.001 -21"><span class='ocrx_word' id='word_1_166' title='bbox 170 2386 241 2446; x_wconf 89' lang='lat' dir='ltr'><strong>tur.</strong></span> <span class='ocrx_word' id='word_1_167' title='bbox 268 2365 522 2440; x_wconf 75' lang='lat' dir='ltr'><strong>Multitudines</strong></span> <span class='ocrx_word' id='word_1_168' title='bbox 540 2382 629 2459; x_wconf 86' lang='lat' dir='ltr'><strong>ergo</strong></span> <span class='ocrx_word' id='word_1_169' title='bbox 645 2384 784 2456; x_wconf 87' lang='lat' dir='ltr'><strong>eorum,</strong></span> <span class='ocrx_word' id='word_1_170' title='bbox 803 2367 863 2455; x_wconf 91' lang='lat' dir='ltr'><strong>qui</strong></span> <span class='ocrx_word' id='word_1_171' title='bbox 880 2378 1052 2456; x_wconf 80' lang='lat' dir='ltr'><strong>putantur</strong></span> <span class='ocrx_word' id='word_1_172' title='bbox 1070 2366 1254 2464; x_wconf 71' lang='lat' dir='ltr'><strong>credere,&#39;&#39;</strong></span> 
     </span>
     <span class='ocr_line' id='line_1_22' title="bbox 171 2462 1255 2560; baseline -0.004 -13"><span class='ocrx_word' id='word_1_173' title='bbox 171 2470 297 2547; x_wconf 81' lang='lat' dir='ltr'><strong>umbre</strong></span> <span class='ocrx_word' id='word_1_174' title='bbox 317 2464 521 2556; x_wconf 80' lang='lat' dir='ltr'><strong>Sermonis,</strong></span> <span class='ocrx_word' id='word_1_175' title='bbox 548 2481 625 2537; x_wconf 92' lang='lat' dir='ltr'><strong>non</strong></span> <span class='ocrx_word' id='word_1_176' title='bbox 648 2480 741 2537; x_wconf 86' lang='lat' dir='ltr'><strong>vero</strong></span> <span class='ocrx_word' id='word_1_177' title='bbox 763 2464 826 2535; x_wconf 88' lang='lat' dir='ltr'><strong>ilio</strong></span> <span class='ocrx_word' id='word_1_178' title='bbox 851 2462 1024 2538; x_wconf 86' lang='lat' dir='ltr'><strong>Sermone</strong></span> <span class='ocrx_word' id='word_1_179' title='bbox 1048 2468 1142 2559; x_wconf 87' lang='lat' dir='ltr'><strong>Dei,</strong></span> <span class='ocrx_word' id='word_1_180' title='bbox 1170 2470 1255 2560; x_wconf 76' lang='lat' dir='ltr'><strong>qut·</strong></span> 
     </span>
    </p>

    <p class='ocr_par' dir='ltr' id='par_1_5' title="bbox 120 2562 1327 3751">
     <span class='ocr_line' id='line_1_23' title="bbox 120 2562 1245 2657; baseline -0.002 -14"><span class='ocrx_word' id='word_1_181' title='bbox 120 2622 122 2652; x_wconf 82' lang='lat'><em>.</em></span> <span class='ocrx_word' id='word_1_182' title='bbox 171 2562 284 2643; x_wconf 83' lang='lat' dir='ltr'><strong>estin</strong></span> <span class='ocrx_word' id='word_1_183' title='bbox 311 2566 404 2637; x_wconf 87' lang='lat' dir='ltr'><strong>coelo</strong></span> <span class='ocrx_word' id='word_1_184' title='bbox 427 2581 577 2656; x_wconf 85' lang='lat' dir='ltr'><strong>aperto,</strong></span> <span class='ocrx_word' id='word_1_185' title='bbox 604 2565 827 2634; x_wconf 88' lang='lat' dir='ltr'><strong>erudiuntur.</strong></span> <span class='ocrx_word' id='word_1_186' title='bbox 876 2562 1076 2657; x_wconf 79' lang='lat' dir='ltr'><strong>Propterea</strong></span> <span class='ocrx_word' id='word_1_187' title='bbox 1105 2562 1245 2641; x_wconf 67' lang='lat' dir='ltr'><strong>Hiero</strong></span> 
     </span>
     <span class='ocr_line' id='line_1_24' title="bbox 170 2659 1233 2758; baseline -0.004 -17"><span class='ocrx_word' id='word_1_188' title='bbox 170 2671 258 2743; x_wconf 71' lang='lat' dir='ltr'><strong>inias</strong></span> <span class='ocrx_word' id='word_1_189' title='bbox 275 2667 411 2757; x_wconf 83' lang='lat' dir='ltr'><strong>inquit:</strong></span> <span class='ocrx_word' id='word_1_190' title='bbox 437 2666 581 2757; x_wconf 78' lang='lat' dir='ltr'><strong>Spiritus</strong></span> <span class='ocrx_word' id='word_1_191' title='bbox 591 2660 690 2753; x_wconf 76' lang='lat' dir='ltr'><strong>faciei</strong></span> <span class='ocrx_word' id='word_1_192' title='bbox 701 2661 810 2757; x_wconf 78' lang='lat' dir='ltr'><strong>uoflrae</strong></span> <span class='ocrx_word' id='word_1_193' title='bbox 829 2659 973 2756; x_wconf 79' lang='lat' dir='ltr'><strong>Chriflur</strong></span> <span class='ocrx_word' id='word_1_194' title='bbox 995 2667 1165 2758; x_wconf 71' lang='lat' dir='ltr'><strong>Dominus,</strong></span> <span class='ocrx_word' id='word_1_195' title='bbox 1180 2668 1233 2738; x_wconf 81' lang='lat' dir='ltr'><strong>cut‘</strong></span> 
     </span>
     <span class='ocr_line' id='line_1_25' title="bbox 173 2760 1233 2861; baseline 0 -23"><span class='ocrx_word' id='word_1_196' title='bbox 173 2770 334 2853; x_wconf 78' lang='lat' dir='ltr'><strong>diximus,</strong></span> <span class='ocrx_word' id='word_1_197' title='bbox 361 2764 527 2835; x_wconf 70' lang='lat' dir='ltr'><strong>inumbra</strong></span> <span class='ocrx_word' id='word_1_198' title='bbox 546 2760 634 2859; x_wconf 74' lang='lat' dir='ltr'><strong>ipfius</strong></span> <span class='ocrx_word' id='word_1_199' title='bbox 655 2767 803 2833; x_wconf 81' lang='lat' dir='ltr'><strong>vivemus</strong></span> <span class='ocrx_word' id='word_1_200' title='bbox 822 2767 859 2831; x_wconf 87' lang='lat' dir='ltr'><strong>in</strong></span> <span class='ocrx_word' id='word_1_201' title='bbox 877 2762 1045 2834; x_wconf 71' lang='lat' dir='ltr'><strong>Gentibus.</strong></span> <span class='ocrx_word' id='word_1_202' title='bbox 1097 2761 1155 2837; x_wconf 82' lang='lat' dir='ltr'><strong>sic</strong></span> <span class='ocrx_word' id='word_1_203' title='bbox 1171 2763 1233 2861; x_wconf 47' lang='lat' dir='ltr'><strong>igi&amp;</strong></span> 
     </span>
     <span class='ocr_line' id='line_1_26' title="bbox 172 2855 1275 2953; baseline -0.001 -12"><span class='ocrx_word' id='word_1_204' title='bbox 172 2880 232 2941; x_wconf 83' lang='lat' dir='ltr'><strong>tur</strong></span> <span class='ocrx_word' id='word_1_205' title='bbox 248 2864 375 2939; x_wconf 85' lang='lat' dir='ltr'><strong>Sermo</strong></span> <span class='ocrx_word' id='word_1_206' title='bbox 389 2863 449 2936; x_wconf 86' lang='lat' dir='ltr'><strong>iiie</strong></span> <span class='ocrx_word' id='word_1_207' title='bbox 463 2864 556 2953; x_wconf 82' lang='lat' dir='ltr'><strong>Dei,</strong></span> <span class='ocrx_word' id='word_1_208' title='bbox 583 2860 641 2952; x_wconf 90' lang='lat' dir='ltr'><strong>qui</strong></span> <span class='ocrx_word' id='word_1_209' title='bbox 659 2855 775 2934; x_wconf 85' lang='lat' dir='ltr'><strong>fidelis</strong></span> <span class='ocrx_word' id='word_1_210' title='bbox 795 2874 969 2948; x_wconf 84' lang='lat' dir='ltr'><strong>vocatur,</strong></span> <span class='ocrx_word' id='word_1_211' title='bbox 996 2864 1102 2937; x_wconf 82' lang='lat' dir='ltr'><strong>etiam</strong></span> <span class='ocrx_word' id='word_1_212' title='bbox 1122 2880 1234 2940; x_wconf 73' lang='lat' dir='ltr'><strong>verax</strong></span> <span class='ocrx_word' id='word_1_213' title='bbox 1271 2894 1275 2905; x_wconf 81' lang='grc'>’</span> 
     </span>
     <span class='ocr_line' id='line_1_27' title="bbox 173 2958 1234 3058; baseline 0.003 -21"><span class='ocrx_word' id='word_1_214' title='bbox 173 2981 356 3057; x_wconf 77' lang='lat' dir='ltr'><strong>uocatur,</strong></span> <span class='ocrx_word' id='word_1_215' title='bbox 381 2962 415 3035; x_wconf 68' lang='grc' dir='ltr'><strong>ἃ</strong></span> <span class='ocrx_word' id='word_1_216' title='bbox 430 2962 466 3035; x_wconf 92' lang='lat' dir='ltr'><strong>in</strong></span> <span class='ocrx_word' id='word_1_217' title='bbox 480 2960 611 3055; x_wconf 78' lang='lat' dir='ltr'><strong>justitie</strong></span> <span class='ocrx_word' id='word_1_218' title='bbox 621 2958 780 3054; x_wconf 80' lang='lat' dir='ltr'><strong>judicet,</strong></span> <span class='ocrx_word' id='word_1_219' title='bbox 807 2963 840 3033; x_wconf 74' lang='grc' dir='ltr'><strong>δι</strong></span> <span class='ocrx_word' id='word_1_220' title='bbox 857 2962 988 3039; x_wconf 85' lang='lat' dir='ltr'><strong>beilum</strong></span> <span class='ocrx_word' id='word_1_221' title='bbox 1003 2965 1116 3058; x_wconf 85' lang='lat' dir='ltr'><strong>gerit,</strong></span> <span class='ocrx_word' id='word_1_222' title='bbox 1133 2962 1234 3055; x_wconf 86' lang='lat' dir='ltr'><strong>quod</strong></span> 
     </span>
     <span class='ocr_line' id='line_1_28' title="bbox 173 3056 1236 3161; baseline 0.002 -24"><span class='ocrx_word' id='word_1_223' title='bbox 173 3061 305 3159; x_wconf 78' lang='lat' dir='ltr'><strong>justitia</strong></span> <span class='ocrx_word' id='word_1_224' title='bbox 326 3060 414 3153; x_wconf 86' lang='lat' dir='ltr'><strong>ipsa,</strong></span> <span class='ocrx_word' id='word_1_225' title='bbox 442 3079 483 3134; x_wconf 83' lang='lat' dir='ltr'><strong>ac</strong></span> <span class='ocrx_word' id='word_1_226' title='bbox 503 3058 640 3153; x_wconf 85' lang='lat' dir='ltr'><strong>jndicio</strong></span> <span class='ocrx_word' id='word_1_227' title='bbox 663 3060 740 3152; x_wconf 90' lang='lat' dir='ltr'><strong>ipso</strong></span> <span class='ocrx_word' id='word_1_228' title='bbox 760 3056 966 3135; x_wconf 86' lang='lat' dir='ltr'><strong>facultatem</strong></span> <span class='ocrx_word' id='word_1_229' title='bbox 991 3081 1011 3134; x_wconf 81' lang='lat' dir='ltr'><strong>e</strong></span> <span class='ocrx_word' id='word_1_230' title='bbox 1029 3060 1114 3135; x_wconf 90' lang='lat' dir='ltr'><strong>Deo</strong></span> <span class='ocrx_word' id='word_1_231' title='bbox 1134 3081 1236 3161; x_wconf 65' lang='lat' dir='ltr'><strong>ecce·¹</strong></span> 
     </span>
     <span class='ocr_line' id='line_1_29' title="bbox 178 3156 1236 3263; baseline 0 -24"><span class='ocrx_word' id='word_1_232' title='bbox 178 3166 270 3259; x_wconf 90' lang='lat' dir='ltr'><strong>perit</strong></span> <span class='ocrx_word' id='word_1_233' title='bbox 285 3156 516 3257; x_wconf 83' lang='lat' dir='ltr'><strong>judicandi&amp;</strong></span> <span class='ocrx_word' id='word_1_234' title='bbox 536 3158 786 3252; x_wconf 79' lang='lat' dir='ltr'><strong>distribuendi,</strong></span> <span class='ocrx_word' id='word_1_235' title='bbox 811 3180 856 3232; x_wconf 82' lang='lat' dir='ltr'><strong>eu</strong></span> <span class='ocrx_word' id='word_1_236' title='bbox 878 3156 1052 3263; x_wconf 75' lang='lat' dir='ltr'><strong>dignitate</strong></span> <span class='ocrx_word' id='word_1_237' title='bbox 1067 3165 1236 3261; x_wconf 81' lang='lat' dir='ltr'><strong>uniuscu-¹</strong></span> 
     </span>
     <span class='ocr_line' id='line_1_30' title="bbox 175 3254 1327 3359; baseline 0.001 -22"><span class='ocrx_word' id='word_1_238' title='bbox 175 3262 302 3359; x_wconf 69' lang='lat' dir='ltr'><strong>jusque</strong></span> <span class='ocrx_word' id='word_1_239' title='bbox 324 3258 471 3337; x_wconf 86' lang='lat' dir='ltr'><strong>entium.</strong></span> <span class='ocrx_word' id='word_1_240' title='bbox 507 3254 630 3333; x_wconf 85' lang='lat' dir='ltr'><strong>Ne&#39;nro</strong></span> <span class='ocrx_word' id='word_1_241' title='bbox 650 3261 742 3333; x_wconf 89' lang='lat' dir='ltr'><strong>enim</strong></span> <span class='ocrx_word' id='word_1_242' title='bbox 762 3278 909 3351; x_wconf 87' lang='lat' dir='ltr'><strong>eornm,</strong></span> <span class='ocrx_word' id='word_1_243' title='bbox 930 3262 987 3352; x_wconf 91' lang='lat' dir='ltr'><strong>qui</strong></span> <span class='ocrx_word' id='word_1_244' title='bbox 1005 3254 1174 3353; x_wconf 81' lang='lat' dir='ltr'><strong>justitiam</strong></span> <span class='ocrx_word' id='word_1_245' title='bbox 1195 3282 1238 3338; x_wconf 80' lang='lat' dir='ltr'><strong>ae</strong></span> <span class='ocrx_word' id='word_1_246' title='bbox 1325 3290 1327 3297; x_wconf 93' lang='lat'>·</span> 
     </span>
     <span class='ocr_line' id='line_1_31' title="bbox 176 3356 1237 3456; baseline 0.001 -19"><span class='ocrx_word' id='word_1_247' title='bbox 176 3362 385 3437; x_wconf 76' lang='lat' dir='ltr'><strong>fucultatem</strong></span> <span class='ocrx_word' id='word_1_248' title='bbox 405 3356 585 3453; x_wconf 81' lang='lat' dir='ltr'><strong>judicandi</strong></span> <span class='ocrx_word' id='word_1_249' title='bbox 603 3358 947 3452; x_wconf 82' lang='lat' dir='ltr'><strong>populum-habent,</strong></span> <span class='ocrx_word' id='word_1_250' title='bbox 975 3364 1024 3432; x_wconf 80' lang='lat' dir='ltr'><strong>ita</strong></span> <span class='ocrx_word' id='word_1_251' title='bbox 1046 3360 1082 3433; x_wconf 94' lang='lat' dir='ltr'><strong>in</strong></span> <span class='ocrx_word' id='word_1_252' title='bbox 1105 3360 1164 3434; x_wconf 81' lang='lat' dir='ltr'><strong>nu</strong></span> <span class='ocrx_word' id='word_1_253' title='bbox 1185 3365 1237 3456; x_wconf 69' lang='lat' dir='ltr'><strong>ipe</strong></span> 
     </span>
     <span class='ocr_line' id='line_1_32' title="bbox 177 3454 1279 3553; baseline -0.001 -15"><span class='ocrx_word' id='word_1_254' title='bbox 177 3460 243 3539; x_wconf 76' lang='lat' dir='ltr'><strong>ssus</strong></span> <span class='ocrx_word' id='word_1_255' title='bbox 256 3464 372 3536; x_wconf 74' lang='lat' dir='ltr'><strong>anima</strong></span> <span class='ocrx_word' id='word_1_256' title='bbox 389 3462 541 3534; x_wconf 91' lang='lat' dir='ltr'><strong>omnino</strong></span> <span class='ocrx_word' id='word_1_257' title='bbox 559 3459 763 3553; x_wconf 87' lang='lat' dir='ltr'><strong>imprimere</strong></span> <span class='ocrx_word' id='word_1_258' title='bbox 780 3459 939 3552; x_wconf 88' lang='lat' dir='ltr'><strong>poterit,</strong></span> <span class='ocrx_word' id='word_1_259' title='bbox 965 3458 998 3532; x_wconf 74' lang='grc' dir='ltr'>ἀ</span> <span class='ocrx_word' id='word_1_260' title='bbox 1017 3454 1174 3550; x_wconf 73' lang='lat' dir='ltr'><strong>justitie,</strong></span> <span class='ocrx_word' id='word_1_261' title='bbox 1200 3462 1236 3537; x_wconf 72' lang='lat' dir='ltr'><strong>Gt</strong></span> <span class='ocrx_word' id='word_1_262' title='bbox 1277 3467 1279 3471; x_wconf 82' lang='grc'><strong>’</strong></span> 
     </span>
     <span class='ocr_line' id='line_1_33' title="bbox 180 3552 1239 3657; baseline 0 -20"><span class='ocrx_word' id='word_1_263' title='bbox 180 3559 362 3657; x_wconf 76' lang='lat' dir='ltr'><strong>iudicandi</strong></span> <span class='ocrx_word' id='word_1_264' title='bbox 380 3552 511 3655; x_wconf 80' lang='lat' dir='ltr'><strong>figures</strong></span> <span class='ocrx_word' id='word_1_265' title='bbox 533 3554 672 3651; x_wconf 82' lang='lat' dir='ltr'><strong>ipsas&amp;</strong></span> <span class='ocrx_word' id='word_1_266' title='bbox 697 3557 813 3649; x_wconf 87' lang='lat' dir='ltr'><strong>ideas,</strong></span> <span class='ocrx_word' id='word_1_267' title='bbox 839 3573 881 3631; x_wconf 91' lang='lat' dir='ltr'><strong>ut</strong></span> <span class='ocrx_word' id='word_1_268' title='bbox 898 3556 994 3633; x_wconf 80' lang='lat' dir='ltr'><strong>nolle</strong></span> <span class='ocrx_word' id='word_1_269' title='bbox 1009 3561 1046 3631; x_wconf 91' lang='lat' dir='ltr'><strong>in</strong></span> <span class='ocrx_word' id='word_1_270' title='bbox 1066 3575 1104 3633; x_wconf 88' lang='lat' dir='ltr'><strong>re</strong></span> <span class='ocrx_word' id='word_1_271' title='bbox 1126 3560 1167 3635; x_wconf 85' lang='lat' dir='ltr'><strong>fit</strong></span> <span class='ocrx_word' id='word_1_272' title='bbox 1185 3564 1239 3637; x_wconf 90' lang='lat' dir='ltr'><strong>in·</strong></span> 
     </span>
     <span class='ocr_line' id='line_1_34' title="bbox 180 3649 1239 3751; baseline -0.001 -14"><span class='ocrx_word' id='word_1_273' title='bbox 180 3660 291 3751; x_wconf 72' lang='lat' dir='ltr'><strong>ietior</strong></span> <span class='ocrx_word' id='word_1_274' title='bbox 307 3679 372 3747; x_wconf 81' lang='lat' dir='ltr'><strong>et,</strong></span> <span class='ocrx_word' id='word_1_275' title='bbox 399 3677 475 3751; x_wconf 83' lang='lat' dir='ltr'><strong>quae</strong></span> <span class='ocrx_word' id='word_1_276' title='bbox 492 3672 539 3731; x_wconf 82' lang='lat' dir='ltr'><strong>eu</strong></span> <span class='ocrx_word' id='word_1_277' title='bbox 560 3649 595 3731; x_wconf 87' lang='lat' dir='ltr'><strong>se</strong></span> <span class='ocrx_word' id='word_1_278' title='bbox 614 3652 665 3731; x_wconf 85' lang='lat' dir='ltr'><strong>est</strong></span> <span class='ocrx_word' id='word_1_279' title='bbox 683 3651 841 3749; x_wconf 76' lang='lat' dir='ltr'><strong>iustitio,</strong></span> <span class='ocrx_word' id='word_1_280' title='bbox 866 3658 900 3730; x_wconf 71' lang='grc' dir='ltr'>ἃ</span> <span class='ocrx_word' id='word_1_281' title='bbox 919 3679 988 3747; x_wconf 85' lang='lat' dir='ltr'><strong>eo,</strong></span> <span class='ocrx_word' id='word_1_282' title='bbox 1014 3658 1111 3746; x_wconf 83' lang='lat' dir='ltr'><strong>quod</strong></span> <span class='ocrx_word' id='word_1_283' title='bbox 1132 3681 1177 3733; x_wconf 82' lang='lat' dir='ltr'><strong>eu</strong></span> <span class='ocrx_word' id='word_1_284' title='bbox 1202 3656 1239 3739; x_wconf 89' lang='lat' dir='ltr'><strong>se</strong></span> 
     </span>
    </p>

    <p class='ocr_par' dir='ltr' id='par_1_6' title="bbox 120 3752 1240 3859">
     <span class='ocr_line' id='line_1_35' title="bbox 120 3752 1240 3859; baseline -0.001 -24"><span class='ocrx_word' id='word_1_285' title='bbox 120 3794 122 3799; x_wconf 29' lang='lat' dir='ltr'>v</span> <span class='ocrx_word' id='word_1_286' title='bbox 184 3760 230 3837; x_wconf 85' lang='lat' dir='ltr'><strong>est</strong></span> <span class='ocrx_word' id='word_1_287' title='bbox 250 3758 405 3859; x_wconf 87' lang='lat' dir='ltr'><strong>judicio:</strong></span> <span class='ocrx_word' id='word_1_288' title='bbox 431 3752 727 3849; x_wconf 81' lang='lat' dir='ltr'><strong>quemadmodum</strong></span> <span class='ocrx_word' id='word_1_289' title='bbox 754 3774 873 3848; x_wconf 86' lang='lat' dir='ltr'><strong>neque</strong></span> <span class='ocrx_word' id='word_1_290' title='bbox 898 3758 958 3848; x_wconf 85' lang='lat' dir='ltr'><strong>qui</strong></span> <span class='ocrx_word' id='word_1_291' title='bbox 983 3760 1096 3852; x_wconf 81' lang='lat' dir='ltr'><strong>pingit</strong></span> <span class='ocrx_word' id='word_1_292' title='bbox 1121 3762 1240 3857; x_wconf 63' lang='lat' dir='ltr'><strong>imagi</strong></span> 
     </span>
    </p>

    <p class='ocr_par' dir='ltr' id='par_1_7' title="bbox 120 3850 1275 3955">
     <span class='ocr_line' id='line_1_36' title="bbox 120 3850 1275 3955; baseline 0.001 -22"><span class='ocrx_word' id='word_1_293' title='bbox 120 3890 123 3907; x_wconf 74' lang='lat'>=</span> <span class='ocrx_word' id='word_1_294' title='bbox 184 3868 417 3955; x_wconf 72' lang='lat' dir='ltr'><strong>omnpotens</strong></span> <span class='ocrx_word' id='word_1_295' title='bbox 429 3861 496 3929; x_wconf 88' lang='lat' dir='ltr'><strong>erit</strong></span> <span class='ocrx_word' id='word_1_296' title='bbox 515 3850 650 3951; x_wconf 72' lang='lat' dir='ltr'><strong>pitture</strong></span> <span class='ocrx_word' id='word_1_297' title='bbox 668 3857 868 3947; x_wconf 86' lang='lat' dir='ltr'><strong>exprimere</strong></span> <span class='ocrx_word' id='word_1_298' title='bbox 884 3874 1009 3929; x_wconf 84' lang='lat' dir='ltr'><strong>omnes</strong></span> <span class='ocrx_word' id='word_1_299' title='bbox 1026 3859 1075 3929; x_wconf 87' lang='lat' dir='ltr'><strong>tei</strong></span> <span class='ocrx_word' id='word_1_300' title='bbox 1096 3856 1246 3955; x_wconf 70' lang='lat' dir='ltr'><strong>depitiae</strong></span> <span class='ocrx_word' id='word_1_301' title='bbox 1273 3926 1275 3933; x_wconf 92' lang='lat'><em>.</em></span> 
     </span>
    </p>

    <p class='ocr_par' dir='ltr' id='par_1_8' title="bbox 120 3950 1250 4131">
     <span class='ocr_line' id='line_1_37' title="bbox 120 3950 1250 4131; baseline -0.003 -95"><span class='ocrx_word' id='word_1_302' title='bbox 120 3969 129 4053; x_wconf 71' lang='lat' dir='ltr'><strong>t</strong></span> <span class='ocrx_word' id='word_1_303' title='bbox 185 3960 434 4058; x_wconf 73' lang='lat' dir='ltr'><strong>proprietates.</strong></span> <span class='ocrx_word' id='word_1_304' title='bbox 486 3950 876 4131; x_wconf 49' lang='lat' dir='ltr'><strong>Proptereugavidem</strong></span> <span class='ocrx_word' id='word_1_305' title='bbox 892 3952 1014 4031; x_wconf 82' lang='lat' dir='ltr'><strong>dixisse</strong></span> <span class='ocrx_word' id='word_1_306' title='bbox 1029 3974 1134 4032; x_wconf 73' lang='lat' dir='ltr'><strong>reor:</strong></span> <span class='ocrx_word' id='word_1_307' title='bbox 1163 3960 1250 4033; x_wconf 69' lang='lat' dir='ltr'><strong>Nur</strong></span> 
     </span>
    </p>

    <p class='ocr_par' dir='ltr' id='par_1_9' title="bbox 701 4059 1218 4163">
     <span class='ocr_line' id='line_1_38' title="bbox 701 4059 1218 4163; baseline -0.01 -33"><span class='ocrx_word' id='word_1_308' title='bbox 701 4136 704 4142; x_wconf 66' lang='grc'><em>,</em></span> <span class='ocrx_word' id='word_1_309' title='bbox 745 4069 771 4130; x_wconf 73' lang='lat'><em>2</em></span> <span class='ocrx_word' id='word_1_310' title='bbox 1122 4059 1218 4163; x_wconf 60' lang='lat' dir='ltr'><strong>initi·</strong></span> 
     </span>
    </p>
   </div>
   <div class='ocr_carea' id='block_1_3' title="bbox 0 0 1414 4575">
    <p class='ocr_par' dir='ltr' id='par_1_10' title="bbox 0 0 1414 4575">
     <span class='ocr_line' id='line_1_39' title="bbox 0 0 1414 4575; baseline 0 0"><span class='ocrx_word' id='word_1_311' title='bbox 0 0 1414 4575; x_wconf 95' lang='lat' dir='ltr'><strong> </strong></span> 
     </span>
    </p>
   </div>
  </div>
 </body>
</html>
