2817 4575
228 402 234 414 ,
312 337 383 438 ru
418 335 708 448 Jonnnnu
749 305 961 454 rouus
1000 337 1071 419 vr.
1133 362 1210 441 mr
1269 331 1271 338 ·

146 520 226 595 tur,
252 514 329 580 ttrm
344 499 591 598 (Bethabara,
616 499 690 578 hoc
714 498 793 596 est)
819 502 931 577 domo
952 499 1207 596 instruutonrs,
1313 589 1321 608 Ι

139 621 286 684 tantum
306 603 511 676 utilitatira
537 599 653 675 fluvio
677 604 903 698 hauriamus,
930 619 1099 696 quantum
1125 625 1208 700 ege·
1242 663 1252 686 Ι
1315 655 1319 662 -

147 726 239 777 mus.
307 719 310 726 ·
1206 749 1209 760 .

217 920 276 993 30.
308 899 423 996 Postera
442 901 490 967 die
506 900 595 968 videt
613 900 761 994 Jaonnes
780 895 892 994 Jesrmr
907 905 1089 972 variantem
1105 903 1145 972 ad
1156 889 1208 988 se.¹

142 996 242 1074 Prius
263 997 345 1094 Jesu
370 1011 502 1082 mater,
528 999 626 1072 timul
650 1012 758 1089 atque
782 996 891 1091 ipsum
919 1000 1120 1094 concepit,
1154 1000 1211 1074 ad*

139 1099 292 1196 Joannir
318 1112 488 1181 matrem,
515 1117 664 1188 eamque
689 1113 829 1171 uterum
855 1095 1030 1172 ferentem
1060 1103 1200 1195 pergit,

141 1198 287 1290 quando
308 1198 366 1289 qui
393 1195 567 1269 formatur
585 1197 842 1272 accuratiorem
862 1194 1117 1271 formationem
1138 1204 1202 1270 do·

139 1314 202 1372 nat
229 1298 290 1388 ei,
316 1297 375 1388 qui
402 1295 659 1386 formabatur,''
669 1293 897 1370 conformem
919 1298 1017 1372 illum
1043 1295 1200 1372 efficient

139 1397 208 1471 sue
228 1398 374 1493 gloriae,
401 1395 492 1468 adeo
515 1409 556 1468 ut
580 1395 630 1468 ob
646 1393 797 1470 formam
821 1415 1069 1486 communem,
1095 1399 1200 1482 Joan·

137 1517 203 1574 ner
223 1497 431 1569 crederetur
448 1492 517 1567 elie
534 1491 713 1587 Christus,
741 1494 775 1567 δι
799 1499 885 1570 item
910 1493 1067 1569 Christus
1091 1499 1199 1591 Jorn·
1286 1533 1289 1542 ·

136 1617 204 1673 ner
230 1593 300 1669 elie
325 1594 517 1690 amortuia
536 1595 675 1668 excitus
692 1610 878 1686 putaretur
906 1597 997 1684 apud
1026 1617 1112 1684 eos,
1140 1598 1200 1687 qui

135 1716 217 1771 non
231 1693 434 1768 discernunt
451 1693 544 1766 inter
562 1694 768 1788 imaginem,
791 1695 932 1766 &inter
949 1715 1052 1787 eum,
1071 1691 1128 1787 q'ui
1148 1694 1200 1772 est

137 1795 331 1870 secundum
352 1795 561 1888 imaginem
586 1810 684 1864 nunc
705 1808 823 1865 autem
844 1790 916 1886 ipse
929 1792 1027 1884 Jesus
1044 1795 1124 1885 post
1142 1818 1199 1890 ea,

139 1916 220 1988 que
239 1906 345 1966 antea
361 1906 534 1966 accurate·
547 1892 846 1972 examinavimus,
875 1890 1075 1965 testimonia
1092 1893 1200 1991 Joan·

138 1996 195 2070 nis
213 1994 258 2066 de
275 1990 373 2085 ipso,
393 1991 535 2064 uidetur
552 2011 572 2063 a
590 1990 743 2085 ltaptista
764 1992 913 2064 veniens
933 1990 976 2064 ad
994 1994 1101 2066 illum.
1130 1993 1200 2067 Sed

139 2095 264 2166 obiter
286 2089 549 2164 observandum
570 2087 643 2179 est,
671 2091 770 2180 quod
785 2091 858 2162 illic
879 2109 944 2182 per
961 2111 1091 2164 vocem
1114 2092 1202 2164 salu·

137 2193 289 2267 tationis
307 2188 453 2278 Maria,
472 2210 555 2281 quae·
567 2193 736 2282 peruenit
750 2189 796 2261 ad
809 2209 910 2262 aures
927 2187 1121 2282 Elisabeth,
1138 2210 1199 2265 ex·

138 2294 209 2369 silit
232 2292 388 2387 loannes
416 2287 530 2365 infans
560 2291 597 2363 in
621 2303 728 2363 utero
753 2293 899 2382 matria,
933 2304 1009 2365 tum
1034 2293 1148 2364 veluti
1181 2310 1202 2365 a

140 2391 256 2467 santia
267 2388 380 2463 Merra
396 2388 741 2482 sumentiaSpiritum
756 2389 927 2463 santium:
956 2392 1080 2462 Evenit
1092 2395 1201 2484 enirn,

140 2494 291 2584 inquit,
306 2508 344 2559 ut
364 2497 495 2559 audivit
507 2490 736 2579 [alterationem
758 2496 878 2559 Murra
900 2490 1084 2583 Elisabeth,
1106 2493 1202 2584 labli·

140 2598 225 2663 nvn
244 2589 358 2680 insunt
382 2595 418 2658 in
441 2605 529 2661 atera
555 2591 645 2685 ejus,
677 2588 714 2661 (5
740 2592 857 2683 repleta
879 2591 917 2682 esi
941 2588 1066 2685 Spiritu
1089 2592 1216 2680 flantia,

145 2690 327 2779 Elisabeth,
354 2690 599 2765 &exclamavit
618 2710 690 2759 vace
707 2712 835 2780 magna,
854 2695 890 2761 U
909 2691 1003 2763 dixit.
1057 2688 1126 2760 Hic
1143 2710 1203 2763 eu·

142 2806 217 2865 tem
238 2791 332 2860 tatu
354 2793 498 2882 Jonnmr
520 2786 632 2884 Jrsum
646 2789 684 2857 at
695 2789 829 2884 teipsum
847 2794 1041 2872 uenientem,
1057 2787 1095 2863 ti
1110 2794 1201 2859 dicire

146 2896 224 2963 Eece
241 2892 293 2959 ille
311 2914 411 2982 agnus
434 2893 512 2970 liei,
539 2895 595 2983 qui
611 2887 697 2957 tollit
712 2906 868 2985 peccatum
888 2891 1019 2957 mundi:
1042 2890 1076 2959 in
1093 2889 1200 2961 rebus

144 2992 280 3065 etenim
298 2988 562 3082 prestantibus,
588 3006 653 3080 per
674 2990 829 3067 auditum
850 2991 1001 3079 primum
1023 2988 1099 3077 quis
1127 3008 1204 3060 eru·

144 3093 265 3181 ditur,
289 3088 417 3161 deinde
436 3089 600 3159 oculatur
617 3085 715 3158 testis
732 3084 880 3179 ipsarum
900 3103 1018 3160 rerum
1036 3082 1089 3161 fit.
1135 3086 1206 3160 Sed

143 3184 313 3289 protetio
336 3185 685 3278 adiuvari-loannem
709 3186 751 3257 ad
768 3184 1059 3271 formationema
1081 3184 1205 3261 Domi·
1268 3272 1270 3277 ¹

144 3306 219 3378 no,·
247 3287 441 3381 quiadlruc
465 3305 543 3357 curn
565 3281 778 3357 formaretur
797 3288 955 3377 perrexit
974 3287 1009 3369 in
1032 3300 1143 3358 matre
1163 3284 1207 3359 ad

103 3450 106 3457 .
146 3385 465 3473 Eli-sabetham,·ci
488 3378 710 3475 perspicuum
728 3385 816 3477 erit,
844 3386 902 3475 qui
925 3386 1102 3470 tenuerit,
1130 3404 1207 3475 quae

146 3484 388 3576 differuimus,
416 3486 498 3556 dum
523 3482 724 3585 diceremur
751 3484 927 3578 Jornnem
956 3481 1027 3557 elle
1052 3502 1208 3576 vocem,

147 3585 264 3683 Jesnm
282 3603 372 3656 uero
390 3578 607 3656 sermonem:
633 3600 757 3677 magna
775 3587 868 3663 enim
889 3600 966 3655 von
984 3578 1024 3653 lit
1044 3584 1079 3653 in
1105 3579 1210 3657 Elisa·

147 3684 237 3761 be'th
263 3686 400 3776 repleta
420 3680 553 3776 Spiritu
577 3674 695 3754 sanilo
724 3684 773 3754 oh
798 3680 923 3754 Mariae
947 3679 1229 3770 salutationem,¹

150 3800 192 3859 ut
217 3782 323 3859 letiio
346 3776 415 3872 ipsa
441 3781 549 3853 docet
571 3780 669 3853 hunc
686 3779 722 3851 in
746 3782 892 3856 modum
911 3781 1065 3854 habens:
1097 3782 1141 3853 Er
1160 3808 1212 3855 ex·

152 3890 307 3954 clamavit
326 3906 398 3950 voce
416 3904 544 3973 magna,
564 3875 700 3952 scilicet
718 3873 918 3970 Elisabeth,
933 3881 972 3955 ὅ
994 3886 1090 3951 dixit.
1124 3883 1213 3954 Vox

154 3989 250 4059 enim
267 3979 489 4055 salutationis
507 3980 649 4071 Mariae,
673 3997 754 4067 que
776 3980 1003 4072 pervenitad
1025 3999 1125 4052 aures
1148 3977 1216 4051 Eli·

646 4076 713 4151 Aa
739 4098 762 4151 Ἃ
1066 4077 1199 4162 imme,
