2817 4575
201 451 207 460 ,
312 339 1014 498 ,Mogmmuaouus‘l
1106 357 1200 476 ’ς’
1309 307 1312 326 Ι

137 614 144 628 ,
182 556 266 615 nr.
296 535 375 634 Jnn
396 553 477 608 cum
503 543 563 608 tot
587 531 694 606 nbbis
719 531 760 603 in·
777 530 1199 624 presentiasuccurraut·

131 633 298 738 principii
314 630 530 732 fignificata,
557 631 743 726 querimus
760 630 805 704 de
823 651 896 723 quo
913 634 1063 730 intelligi
1080 647 1198 732 oport.
1296 683 1298 710 2

132 753 209 818 teat
229 733 337 812 illud:
371 733 412 806 In
426 736 583 829 principio
604 748 673 804 erut
694 731 843 804 Verium.
895 721 1206 830 Perspiculimque.

132 839 181 920 est
199 839 275 911 b'oc
292 835 504 928 principium
522 831 608 905 sumi
631 852 706 904 non
725 828 887 924 polle‘de
903 825 1082 928 principio
1101 821 1196 911 tran·¹

132 941 242 1032 itus,
269 949 333 1010 aut
347 934 416 1005 viae
435 927 468 1006 'u
485 930 729 1026 longitudinis.
780 921 913 1022 Liquet
929 948 1067 1027 eutem,
1094 939 1195 1032 quod

85 1085 87 1092 ·
131 1058 252 1130 neque
267 1036 313 1113 de
331 1034 511 1128 principio
532 1031 786 1126 generationis.
837 1025 1097 1111 Verumtamen
1117 1033 1203 1116 lieri-
1308 1073 1311 1086 ·

131 1134 276 1240 potest,
300 1150 342 1208 ut
359 1134 446 1206 illud
463 1131 614 1230 accipias
634 1147 802 1222 tanquam
820 1131 1049 1225 principium,
1069 1157 1193 1229 aquo,
1316 1177 1318 1190 ι

132 1236 232 1332 quod
255 1233 305 1310 est
325 1233 486 1324 faciens,
514 1232 803 1323 quandoquidem
822 1234 993 1303 mandavit
1016 1239 1127 1325 Deus,
1154 1237 1195 1316 σ
1255 1241 1259 1250 ·

131 1354 240 1414 errata
252 1335 347 1424 sunt.
401 1332 556 1405 Creator
570 1334 666 1406 enim
682 1330 802 1421 aliquo
821 1330 933 1405 modo
953 1329 1005 1408 est
1022 1332 1197 1433 Christus,

133 1437 189 1518 cui
205 1437 297 1511 dixit
311 1433 435 1508 Pater:
464 1437 541 1503 liar
556 1433 635 1519 lux,
662 1431 695 1503 dt
714 1435 792 1502 lun
801 1431 1055 1522 firmamentum.
1089 1435 1197 1513 Crea-

130 1551 267 1628 totque
291 1531 343 1610 est
359 1529 541 1622 Christus,
568 1545 736 1622 tanquam
760 1534 998 1625 principium,
1023 1536 1060 1610 in
1086 1557 1206 1630 quan·-

131 1652 209 1718 tum
226 1634 397 1728 sapientia
410 1629 480 1706 est:
506 1631 645 1704 idcirco
662 1629 774 1704 didius
790 1635 1026 1726 principium,
1052 1639 1135 1729 qula
1148 1638 1206 1712 sa··

131 1738 269 1835 pientia
293 1732 354 1808 fit:
382 1732 526 1809 dicente
548 1752 612 1824 per
634 1730 867 1808 Salomonem
890 1732 1076 1826 sapientia:
1104 1741 1205 1814 Deua

129 1837 257 1914 creavit
277 1859 325 1904 ute
346 1838 539 1928 principium
554 1838 685 1903 viarum
698 1832 844 1919 suorum,
869 1836 910 1904 od
933 1857 1022 1929 opera
1041 1842 1127 1934 rjus,
1153 1854 1197 1916 ut

133 1937 225 2019 satin
241 1925 421 2028 principio
435 1934 616 2008 Verbum:
643 1931 717 2020 hoc
736 1930 840 2005 estin
862 1930 1048 2027 sapientia:
1075 1938 1198 2014 secun-

132 2040 221 2113 duru
237 2035 383 2126 quidem
404 2030 658 2110 collettionem
676 2032 1015 2125 contemplationis,
1041 2036 1075 2107 dr
1093 2040 1199 2112 intel·

129 2135 362 2232 ligentiarum
378 2132 423 2206 de
437 2134 544 2206 rebus
558 2130 752 2224 universis,
769 2131 991 2205 considerata
1006 2133 1176 2229 sapientia
1185 2153 1208 2212 t·-

130 2235 329 2321 secundum
358 2251 452 2309 uero
479 2253 600 2309 rerum
625 2231 949 2324 contemplatarum
974 2240 1204 2313 communio·

131 2361 239 2430 nem,
267 2336 310 2410 ad
330 2355 396 2411 ea,
421 2355 498 2425 quae
517 2331 596 2407 sunt
611 2332 761 2405 rationis
778 2336 942 2428 capacia,
970 2338 1199 2417 conliderato

132 2438 279 2535 Verbo.
329 2434 413 2510 Nec
427 2433 554 2507 mirum
569 2432 618 2524 sr,
643 2447 685 2505 ut
700 2432 948 2527 prediximus,
971 2440 1083 2513 multa
1100 2440 1199 2517 bona
1268 2522 1270 2529 ,

134 2534 291 2617 existens
315 2532 490 2607 Servatur
515 2536 551 2605 in
574 2530 609 2604 se
635 2533 844 2611 contineat,
870 2552 947 2623 quae
968 2556 1067 2629 uno,
1095 2540 1200 2613 &al-

134 2654 243 2730 tero,
268 2637 356 2711 item
372 2633 405 2707 u
419 2633 531 2706 tertio
548 2631 818 2705 considerentur
836 2633 960 2709 modo.
997 2634 1086 2712 Cum
1102 2632 1204 2716 enirn

136 2736 334 2837 protulerit
358 2734 517 2829 Joannes
539 2732 584 2805 de
612 2733 740 2805 Verbo
758 2734 934 2825 loquens:
965 2738 1058 2828 Quod
1070 2738 1205 2828 faidum·

136 2838 198 2926 ali,
224 2843 262 2907 in
279 2835 340 2932 ipso
356 2840 430 2905 vira
452 2850 543 2919 erat,
570 2830 727 2906 ostendit
747 2829 872 2905 fatiam
895 2831 997 2907 fuisse
1027 2840 1137 2912 vitam
1162 2842 1202 2917 in

137 2939 281 3015 verbo,
316 2933 447 3024 Neque
462 2954 554 3009 vero
568 2932 733 3005 Verbum
745 2932 818 3006 hoc
832 2934 926 3003 aliud
942 2932 1025 3007 esta
1043 2936 1207 3029 Christo,¹

137 3033 241 3121 Deus
267 3032 441 3126 existens,
470 3033 503 3106 dr
529 3033 692 3107 Verbum
713 3031 807 3124 apud
829 3030 991 3125 Patrem,
1019 3058 1087 3128 per
1102 3032 1210 3133 quod„¹

140 3132 324 3215 factasunt
344 3134 483 3207 omnia:
509 3152 626 3222 neque
644 3132 721 3203 vita
740 3132 806 3202 alia
824 3129 875 3205 est
892 3152 911 3202 a
930 3132 998 3207 Dei
1016 3134 1113 3230 lilio,
1139 3143 1202 3234 qui

141 3239 278 3329 inquit:
307 3236 372 3329 Ego
381 3233 454 3323 sum
466 3238 543 3319 via,
559 3237 683 3305 veritas
698 3231 737 3308 d
752 3237 836 3305 vira.
886 3231 996 3306 Unde
1009 3257 1084 3310 non
1101 3238 1201 3314 secus

142 3352 251 3426 atque
270 3336 349 3409 vita
366 3330 457 3413 utta
481 3333 549 3409 fuit
571 3333 609 3404 in
632 3333 784 3422 Verbo,
810 3331 856 3405 irc
878 3333 1041 3408 Verbum
1066 3355 1142 3413 erat
1165 3344 1205 3416 in

141 3436 334 3533 principio,
385 3433 542 3515 Proinde
558 3433 691 3529 inspice
708 3455 752 3505 an
765 3433 868 3525 juxta
882 3432 956 3505 hoc
970 3434 1204 3528 significatum

142 3536 308 3635 pellimus
324 3536 523 3630 intelligere
537 3532 610 3611 hoc
625 3532 776 3608 diuum:
805 3535 845 3604 ln
861 3539 1018 3626 principio
1033 3555 1105 3608 erut
1123 3545 1210 3613 Ver..

85 3646 87 3656 '
141 3641 231 3726 lum,
256 3637 357 3727 (hoc
379 3633 428 3711 est
446 3647 573 3731 nopae,
603 3655 680 3726 quae
704 3634 798 3707 ratio
824 3633 929 3705 etiam
952 3635 1136 3737 diciturr)
1162 3654 1204 3715 ut

85 3788 89 3823 ι
142 3736 337 3822 seeundum
357 3731 584 3827 sapientiam,
611 3734 857 3808 &secundum
874 3730 1003 3826 figuras
1019 3739 1205 3814 colledlio·

87 3830 94 3864 ⁶
144 3842 199 3925 ilia
218 3835 560 3929 intelligentiarum,
588 3854 664 3926 quae
688 3832 823 3910 suntin
846 3829 937 3922 ipsa,
963 3831 1052 3909 liant
1071 3844 1218 3921 omnia.¹

87 3938 92 3959 ²
148 3938 183 4025 0
208 3941 302 4021 inor,
317 3936 413 4009 enim
437 3933 526 4007 sicut
548 3933 703 4030 domus,
730 3938 763 4006 dr
784 3935 886 4005 navis
903 3932 1114 4032 fabricatur,
1141 3944 1210 4027 vel·

148 3962 628 4143 circamundanum,
655 4035 1039 4119 &formationibus
1061 4059 1214 4157 romu,

269 4204 273 4211 .
1095 4160 1163 4245 uui
