2817 4575
313 334 409 416 ,tu
445 327 737 434 Jonuusm
772 321 1079 416 rouusrr.
1158 347 1231 423 κει

167 497 449 596 splendorenon
465 497 668 573 illustratus.
718 494 971 593 Justificabitur
986 495 1092 573 etiam
1107 485 1242 574 onmis¹
1266 572 1269 580 ,

148 602 322 692 ‚vivens,
338 603 375 672 ‘at
395 620 485 673 vero
503 619 579 672 non
596 617 717 672 coram
734 598 817 671 Deo
831 596 1099 690 justificabitur,
1117 619 1227 691 quan·

166 699 319 786 docum
342 697 409 770 illia
427 712 676 791 comparatur,
702 698 763 789 qui
788 695 927 772 inferne
944 698 1123 790 habitant,
1151 699 1236 789 qui·¹

166 818 236 892 que
264 800 420 872 tenebris
444 798 669 884 detinentur,
696 796 789 889 apud
813 816 904 888 quos
925 798 1061 871 lucebit
1082 800 1228 875 illorum

167 897 240 974 lux.
277 893 325 968 Et
342 896 426 978 vide
443 896 612 970 numhac
627 897 769 969 tatione
783 897 1051 991 intelligendum
1068 898 1229 976 suetiam

118 985 120 1008 Ι
164 995 274 1086 illud,
301 995 399 1086 quod
418 993 522 1068 estin
542 991 765 1092 Evangelio:
793 1000 916 1068 Luctat
932 999 991 1065 lux
1005 997 1107 1091 vestra
1123 1015 1228 1068 coram

118 1105 121 1114 '
161 1094 364 1167 bominibus.-
390 1096 578 1168 nonenim
599 1096 709 1186 dixit,
728 1093 867 1178 Luceat
884 1098 945 1169 lux
967 1094 1234 1171 vestra-coram·

163 1189 272 1286 Deo,
300 1194 434 1284 alioqui
452 1209 670 1287 praeceptum
689 1196 835 1267 daturus
852 1194 1087 1287 impossibile,
1111 1195 1229 1267 sihoc
1254 1185 1258 1202 '

118 1369 120 1374 ,
163 1291 404 1390 precepisset,
432 1294 580 1384 perinde
605 1314 647 1368 ac
674 1293 699 1368 st
725 1295 879 1368 lucernis
906 1294 1066 1369 animatis
1093 1310 1235 1388 praece·¹

118 1397 121 1480 l
162 1391 282 1489 pillet,
309 1396 361 1464 uti
386 1394 446 1464 lux
472 1387 628 1486 ipsorum
653 1413 774 1466 coram
802 1393 877 1466 sole
903 1396 1055 1470 luceret.
1106 1394 1228 1493 Quam

162 1498 208 1568 ob
231 1512 308 1565 rem
329 1512 406 1565 non
424 1493 537 1565 modo
561 1495 687 1588 vulgus
706 1496 908 1567 viventium
927 1512 1003 1567 non
1022 1488 1231 1585 justificabi,

163 1591 362 1665 turcotam
381 1590 484 1677 Deo,
512 1589 573 1664 sed
590 1613 660 1665 nec
678 1594 785 1664 etiam
801 1592 860 1685 hi,
887 1595 949 1685 qui
971 1612 1039 1665 ceu
1061 1594 1154 1665 inter
1171 1591 1229 1662 vi·
1313 1643 1316 1652 .

123 1757 128 1764 .
163 1707 293 1778 veutes
315 1689 547 1763 inferioribus
571 1690 757 1784 prestant;
791 1694 961 1785 quodque
987 1691 1097 1787 magia
1119 1689 1229 1765 etiam

164 1789 245 1883 est,
270 1792 431 1862 omnium
460 1790 664 1866 viventium
692 1791 864 1868 inunum
893 1791 1044 1865 coneus
1070 1785 1228 1882 justitia,
1256 1809 1258 1814 ’

164 1889 436 1986 comparatione
461 1886 553 1968 Dei,
578 1909 655 1962 non
674 1885 945 1980 iustificabitur,
970 1892 1118 1984 perinde
1138 1886 1230 1964 aen

161 1990 370 2077 luminibus,
394 2007 469 2078 quae
487 1985 590 2081 super
610 2002 741 2061 terram
760 1986 854 2079 sunt,
870 1985 1055 2061 nodturnis
1067 1989 1229 2064 inunum

162 2088 325 2162 eolletlis
345 2088 507 2160 dicerem
528 2108 619 2184 ego,
646 2085 726 2161 fieri
752 2107 828 2160 non
846 2085 966 2183 polle,
992 2089 1045 2159 uti
1063 2082 1231 2180 splendo-

162 2210 236 2262 rem
262 2185 435 2270 afferant,
461 2185 689 2278 splendorum
715 2187 819 2279 hujus
837 2187 921 2261 solis
943 2186 1230 2280 comparatione.
1329 2243 1332 2250 ,

162 2291 230 2363 Pet
254 2287 510 2379 repetitionem
533 2309 625 2363 vero
643 2308 788 2376 eorum,
815 2309 894 2384 quar
916 2287 1088 2378 diximus,
1116 2283 1233 2359 confi·

165 2386 360 2463 derandum
387 2389 495 2460 etiam
521 2389 609 2461 illud
637 2387 704 2462 est:
744 2390 830 2460 llivo
851 2412 918 2483 ego,
941 2391 1022 2459 dicit
1050 2393 1231 2479 Dominus,
1252 2412 1273 2440 -·

163 2509 245 2563 cum
269 2488 458 2579 proprium
481 2486 609 2560 vivere
632 2487 811 2581 praetipue
833 2510 879 2561 ex
901 2487 977 2581 his,
1005 2486 1150 2580 quas'de
1176 2485 1232 2559 vi·

164 2586 289 2661 vendo
315 2583 532 2657 disseruimus
555 2607 666 2680 penes
690 2586 803 2661 solum
825 2587 868 2661 tit
889 2586 1020 2662 Deum.
1071 2584 1120 2656 Et
1143 2584 1230 2657 vide

162 2707 248 2761 num
279 2687 328 2757 ob
355 2685 428 2757 hoc
458 2683 562 2777 polilt
582 2682 782 2778 Apostolus
803 2686 841 2761 in
862 2685 1090 2782 hyperbolen
1114 2702 1230 2775 usque
1261 2730 1265 2741 ι

164 2785 389 2858 considerata
413 2782 480 2856 Dei
503 2784 587 2858 vitae
603 2784 841 2880 excellentia,
869 2786 923 2878 bt,
947 2798 988 2857 ut
1012 2784 1155 2879 dignum
1178 2780 1232 2854 est
1308 2800 1310 2805 ’

157 2886 277 2977 -De0,
304 2884 508 2979 intelligens
532 2885 638 2957 illud:
680 2889 765 2956 Vivo
786 2909 855 2979 ego,
879 2890 955 2958 dicit
981 2890 1157 2966 Dominus,
1185 2880 1231 2953 de
1300 2971 1305 2979 ι

163 2984 251 3061 Deo
270 2981 410 3071 dixiss'e,
431 2984 500 3077 Qui
512 2984 598 3071 solus
614 2986 708 3059 habet
722 2987 1010 3071 immortalitatem,
1027 2984 1128 3055 nullo
1144 3000 1232 3071 prae·

165 3100 221 3157 ter
246 3084 367 3157 Deum
395 3083 622 3179 viventium,
648 3084 931 3177 immutabilem,
956 3081 1233 3179 inalterabilem·

167 3205 238 3274 que
255 3183 480 3255 divinitatem
499 3183 666 3257 habente.
716 3182 766 3255 Et
783 3178 868 3275 quid
882 3184 1087 3280 ambigimus
1103 3182 1148 3253 de
1166 3201 1238 3255 cae··

167 3287 278 3372 teris,
307 3282 450 3370 quando
465 3304 510 3352 ne
528 3280 687 3354 Christus
705 3282 847 3373 quidem
861 3281 974 3356 Patris
992 3283 1156 3356 habuerit
1168 3280 1233 3350 im·

168 3379 456 3458 mortalitatem?
475 3403 554 3453 nam
574 3402 641 3472 pro
654 3401 883 3473 quocumque
896 3397 1049 3459 mortem
1067 3379 1231 3473 gustavit.
1288 3456 1293 3463 ,
1333 3422 1335 3425 -

249 3503 302 3555 ra.
330 3479 419 3551 Cum
439 3501 528 3552 vero
547 3482 762 3572 inquiramus
782 3483 827 3555 de
846 3483 925 3574 his,
952 3502 1029 3571 quae
1046 3482 1090 3552 ad
1111 3480 1250 3549 Deum„

168 3584 359 3657 viventem
388 3581 590 3672 pertinent,
618 3579 721 3656 &de
747 3583 845 3669 vita,
870 3603 947 3672 quae
976 3579 1026 3652 est
1050 3574 1231 3665 Christus,
1257 3638 1260 3653 ,
1320 3640 1327 3657 s

169 3682 285 3771 deque
304 3681 537 3768 viventibus,
566 3680 625 3769 qui
644 3676 723 3751 sunt
738 3681 774 3753 in
791 3677 847 3752 sua
863 3681 1033 3774 regione,
1062 3693 1167 3766 atque
1184 3674 1231 3750 de

170 3777 380 3852 visentibus
398 3778 501 3850 etiam
519 3778 594 3865 bis,
622 3781 680 3867 qui
704 3798 826 3852 coram
848 3778 934 3852 Deo
952 3799 1026 3850 non
1041 3773 1232 3868 iustificam·

168 3893 251 3973 tur,
268 3872 528 3964 consequenter
542 3877 596 3949 his
614 3891 858 3971 apponentes,
883 3882 954 3969 Qui
962 3880 1045 3967 sirius
1063 3878 1156 3944 balet
1174 3880 1233 3953 im·

172 3984 418 4066 mortalitatem,
443 3980 574 4070 paritet
590 3979 695 4051 etiam
712 3974 944 4075 assumemus,
971 3998 1048 4072 quae
1066 3971 1234 4047 subintel·

648 4074 740 4175 Mg
1014 4079 1208 4175 ligunturs
