2817 4575
326 371 392 457 IN
425 367 722 478 JOANNEM
757 367 966 451 TOMUS
1001 376 1077 453 Vl.
1142 388 1212 470 335

150 555 238 620 mox
262 562 396 616 vocem
419 559 503 615 rece
529 540 579 632 it,
604 550 711 632 atque
738 540 846 613 etiam
870 537 1110 634 prophetandi
1126 529 1214 611 'mu-

150 665 217 717 nus
244 662 310 736 per
333 642 461 737 ipsam:
502 563 604 737 Ego,
628 640 675 713 de
702 658 776 731 quo
800 636 979 711 Dominus
1002 635 1212 750 testificatus

149 742 222 834 est,
245 742 423 815 neminem
441 740 535 814 inter
549 755 656 813 natos
670 740 857 813 mulierum
875 758 1122 834 memnonem
1138 739 1214 810 exi·

148 843 264 936 ltere,
290 859 411 941 neque
427 840 669 914 calceamenta
688 838 763 931 ejus
786 839 939 911 idoneus
958 834 1032 913 sum
1049 852 1212 933 portare.

150 942 268 1041 Quod
291 939 315 1014 sr
338 958 415 1014 non
437 940 700 1028 calceamenta,
727 936 811 1030 quid
834 935 1023 1012 dicendum
1047 937 1092 1011 de
1107 935 1214 1012 vesti·

147 1042 281 1116 mentis
308 1036 412 1135 ejus?
504 1040 719 1118 sistantur,
746 1036 806 1128 qui
830 1050 945 1112 totam
962 1037 1055 1110 illius
1077 1033 1212 1115 vestem

146 1135 332 1214 custodire
357 1149 464 1230 queat
546 1136 638 1311 Suis
665 1133 717 1211 est
746 1134 806 1227 qui
832 1136 1056 1238 cogitaturus
1080 1135 1144 1221 sn,
1176 1138 1213 1212 se

146 1233 490 1333 comprehensurum
510 1250 549 1310 ra
580 1256 688 1312 onem
707 1256 806 1323 eam,
831 1243 942 1328 quarn'
957 1236 1068 1311 babet
1089 1238 1214 1311 tunica
1303 1253 1305 1266 ¹

146 1357 167 1413 a
192 1337 333 1412 summo
355 1330 601 1427 inconsutilis,
626 1333 709 1429 quia
729 1335 770 1410 srt
789 1335 852 1427 per
868 1347 989 1410 totum
1009 1333 1214 1434 contexta?

146 1435 245 1512 Illud
264 1451 356 1512 vero
374 1434 655 1528 observandum,
682 1434 781 1527 quod
800 1449 956 1525 quatuor
981 1432 1215 1532 Evangelistis

145 1536 375 1624 dicentibus,
401 1536 581 1630 Joannem
595 1533 700 1608 fateri
716 1532 752 1608 se
775 1531 955 1608 adveniss'e
972 1533 1014 1607 ad
1030 1537 1215 1627 baptizan-

145 1638 235 1713 dum
265 1637 301 1708 in
329 1654 437 1726 aqua,
464 1633 558 1708 solus
587 1631 783 1708 Mattheus
811 1633 896 1710 huic
929 1634 982 1707 rei
1011 1636 1214 1730 addiderit,
1254 1699 1257 1706 ,
1318 1675 1322 1682 ·

145 1737 202 1810 Ad
225 1735 481 1829 refipiscennam3
507 1733 671 1812 nimirum
691 1734 828 1807 docens
847 1734 1038 1808 utilitatem
1057 1734 1216 1811 suturam

145 1834 375 1930 baptismatis
400 1835 453 1929 ei,
481 1833 539 1926 qui
564 1852 612 1905 ex
633 1831 822 1925 propofito
849 1830 1110 1925 baptizaretur,
1138 1854 1217 1928 quae

144 1933 194 2010 ad
221 1930 483 2026 resipiscentem
501 1932 740 2026 perveniens,
766 1932 825 2017 ei,
852 1934 911 2022 qui
929 1935 1119 2005 accederet
1139 1953 1218 2009 nun

144 2031 386 2126 resipiscens,
421 2032 575 2127 asperius
598 2028 771 2123 judicium
800 2026 919 2102 sutura
944 2027 1040 2106 ellet.
1093 2031 1217 2106 Scien·
1285 2071 1288 2078 ·

144 2133 237 2210 dum
258 2128 308 2205 est
325 2132 489 2227 insuper,
517 2119 813 2223 quemsdmodum
833 2127 1043 2226 prodigiose
1058 2134 1223 2207 virtutes.

144 2236 187 2310 in
211 2232 460 2307 curationibus
482 2253 501 2309 a
525 2229 723 2307 Servatore
746 2226 871 2319 seclis,
896 2233 996 2304 note
1022 2230 1235 2327 existentes,

145 2352 304 2414 eorum,
330 2333 389 2424 qui
406 2331 543 2427 semper
566 2352 585 2404 a
604 2341 706 2429 λογῳ
727 2328 862 2428 (idest
887 2324 963 2405 filio
984 2331 1103 2427 Dei),
1129 2332 1219 2407 libe·

146 2446 280 2509 rantur
294 2446 368 2504 turn
387 2432 430 2505 ab
447 2433 546 2508 omni
564 2430 793 2527 egritudine,
821 2446 896 2503 tum
912 2432 1115 2513 mollitie,
1131 2452 1218 2525 pro·

144 2532 301 2609 fuerunt
311 2529 441 2626 (etiam
458 2530 698 2624 corporaliter
709 2527 831 2620 facie)
841 2530 1037 2604 invitantes
1051 2532 1093 2604 ad
1108 2528 1219 2610 fidem

147 2652 245 2723 eos,
272 2631 331 2723 qui
348 2622 529 2704 beneficio
546 2620 809 2717 afficiebantur3
838 2631 886 2700 ita
903 2630 1085 2705 lavacrum
1105 2651 1218 2721 aque,

146 2726 357 2827 symbolum
374 2728 407 2801 dc
423 2743 513 2802 nota
529 2727 681 2802 existens
699 2723 959 2821 purificationis
980 2731 1104 2804 animae
1120 2731 1219 2805 ablu·

146 2846 200 2905 tae
215 2830 260 2905 ab
277 2830 376 2903 omni
393 2822 496 2902 sorde
510 2828 670 2908 malitie,
694 2828 947 2915 nihilominus,
976 2831 1083 2902 etlam
1104 2851 1150 2904 ex
1167 2827 1219 2926 se,

149 2927 224 3005 else
235 2929 446 3023 principium
459 2923 652 3002 acsontem
667 2947 855 3001 munerum
873 2925 1091 3016 divinorum,
1107 2949 1219 3024 prop·

150 3043 213 3104 ter
235 3030 437 3122 potentiam
461 3027 739 3101 invocatiunum
761 3027 951 3099 adorande
967 3023 1132 3121 Trladis,
1159 3031 1218 3125 ei,

151 3120 269 3223 quise
286 3127 489 3202 exhibuerit
505 3127 640 3201 deitati.
670 3127 1117 3220 Divifiumsenimdrnurum
1126 3128 1221 3215 savari.¹

150 3224 416 3305 Testimonium
439 3240 559 3301 autem
586 3225 674 3301 meis
705 3225 825 3300 verbis
849 3226 987 3323 prabet
1014 3228 1160 3302 historia
1180 3231 1220 3307 in

150 3325 255 3401 Astis
270 3324 530 3421 Apostolorum
545 3325 675 3420 scripta
689 3325 735 3400 de
752 3345 819 3419 eo,
846 3325 946 3417 quod
960 3326 1052 3401 adeo
1069 3331 1222 3404 eviden-

148 3438 212 3500 ter
236 3438 325 3499 tunc
349 3426 537 3501 advenerit
562 3423 714 3517 Spiritus
738 3424 818 3519 his,
844 3426 903 3517 qui
931 3420 1221 3519 baptizabantur,

150 3523 389 3621 praestruente
411 3527 505 3600 viam
525 3546 615 3620 aqua
632 3525 706 3619 bis,
734 3526 794 3619 qui
810 3522 948 3599 fincere
964 3526 1006 3599 ad
1027 3525 1139 3619 ipsum
1162 3548 1221 3602 ac·

151 3622 352 3714 cedebant3
379 3625 471 3700 adeo
498 3639 539 3700 ut
559 3622 685 3700 Simon
713 3624 774 3699 ille
795 3623 926 3722 Magus
953 3623 1220 3721 obstupefactus

150 3726 269 3799 vellet
288 3746 307 3796 a
323 3723 434 3797 Petro
456 3726 548 3801 banc
566 3727 719 3821 gratiani
729 3725 919 3817 accipere,
946 3725 1132 3819 velletque
1143 3748 1221 3804 rem

150 3822 363 3922 justiffimam
386 3846 450 3919 per
471 3844 674 3900 mammona
697 3825 906 3918 iniquitatis.
966 3825 1065 3921 Quin
1089 3826 1219 3903 &hoc

152 3923 296 4018 insuper
314 3924 533 4004 notandum,
547 3923 646 4018 quod
659 3922 810 4019 loannis
831 3923 1027 4014 baptismus
1038 3923 1122 4022 Jesu
1134 3927 1221 4021 bap-

151 4026 279 4120 tismo,
295 4023 396 4125 quod
407 4024 557 4100 dabatur
569 4044 634 4121 per
647 4019 841 4121 discipulos
857 4021 1235 4216 ejus„inierior({ruaxt.
