2817 4575
334 333 398 413 nu
434 328 730 433 Jonunnm
767 321 975 400 tomus
1012 323 1096 412 vn,
1148 304 1218 423 36'7

156 515 232 578 tur.
279 490 346 574 'nd
359 499 435 574 hare
448 487 490 568 ut
507 494 729 568 admittamur
742 488 1076 583 interpretationem
1095 490 1139 563 de
1155 501 1237 583 po-'
1334 562 1336 578 a

156 602 381 692 tabiliffimo,
409 599 441 671 δι
464 591 783 694 gratiarumpleno
800 588 958 683 Jordane
970 641 982 679 ‚
994 591 1095 678 xutile
1110 592 1218 664 nobis

158 704 233 775 erit
255 716 437 796 apponere
460 696 624 769 Naaman
647 690 744 763 ilium
766 686 931 780 Syruma
956 689 1054 782 lepra
1077 692 1222 763 munda-

158 818 265 892 tum,
292 803 324 873 δι
344 820 420 889 quae
437 795 604 868 dicuutur
622 792 666 864 de
682 789 886 863 fluminibus
906 789 1132 879 apud'hoiies
1148 792 1223 862 cul·

158 916 222 975 tus
241 900 363 973 divini.
417 896 542 987 Atque
565 892 610 964 de
631 889 792 964 Naaman
807 889 947 977 quidem
969 887 1136 983 scriptum
1156 890 1222 983 est3
1300 885 1302 889 ’

160 1002 262 1085 ouod
276 998 422 1071 venerit
435 1014 513 1068 cum
528 993 710 1082 equitatu,
737 988 913 1080 incurro,
940 986 1125 1064 &steterit
1139 1004 1224 1063 ante
1276 1010 1284 1023 ·’

159 1098 263 1175 foret
291 1098 420 1171 domus
446 1091 583 1182 Elisaei,
611 1091 780 1183 quodque
806 1085 937 1160 miserit
963 1084 1105 1166 Eiisaeua
1132 1109 1224 1163 nun·
1257 1099 1264 1110 ‘

163 1202 260 1272 cium
281 1197 323 1269 ad
338 1199 451 1284 illum,
468 1194 611 1266 dicens:
642 1186 803 1283 Profe-iius
816 1190 928 1258 invare
948 1193 985 1259 in
1003 1193 1149 1288 Jotdone
1159 1194 1225 1286 [ep.

161 1307 237 1381 τίει,
252 1298 291 1373 (5
309 1296 491 1394 restituetur
511 1296 574 1363 tiit
591 1315 661 1362 coro
681 1307 752 1379 tuo,
770 1289 809 1364 <5
824 1291 1037 1365 mttrtdoberis.¹
1064 1290 1241 1386 Quando·

163 1400 272 1472 etiam
292 1405 547 1469 commovetur
565 1390 812 1486 indignatione
832 1386 995 1463 Naaman
1015 1409 1092 1464 non
1117 1391 1242 1463 intel·'

161 1501 298 1593 ligent,
326 1496 422 1586 quod
447 1492 612 1586 Jonianis
639 1488 760 1564 noster
785 1491 813 1562 is
840 1487 909 1580 stt,
938 1490 997 1581 qui
1024 1490 1228 1564 immundos

160 1599 217 1677 ‚ob
237 1600 370 1689 lepram
392 1595 518 1665 liberat
537 1594 580 1663 ab
594 1589 838 1679 immunditia,
856 1586 1044 1681 sanatque,
1071 1612 1145 1663 non
1165 1592 1228 1663 ille

164 1695 373 1789 Propheta3
402 1691 691 1785 quandoquidem
710 1687 899 1781 Propheta
916 1688 1073 1766 officium
1087 1689 1137 1765 est
1151 1692 1229 1764 mit·
1320 1765 1322 1770 ,

166 1815 246 1870 tere
274 1791 316 1866 ad
341 1794 448 1881 iilud,
483 1791 580 1881 qnod
606 1787 789 1862 sanitatem
816 1786 933 1859 affert.
985 1789 1077 1864 No'n
1101 1791 1231 1863 intelli·

156 1915 255 1993 -gens
277 1896 383 1990 igitur
405 1892 567 1987 Jordanis
591 1907 756 1984 magnum
774 1886 978 1979 mysterium
998 1890 1159 1964 Naaman
1176 1892 1237 1962 in·-

166 1997 264 2088 quir:
301 1992 355 2067 En
381 1998 502 2089 quidem
529 1997 716 2081 cogitaram:
746 1992 888 2058 Omnino
912 1991 1011 2059 exibit
1033 1996 1073 2060 od
1098 2015 1164 2076 me,
1191 1997 1231 2063 U

165 2096 255 2195 flont
272 2094 430 2163 invocabit
445 2116 556 2161 nomen
574 2092 707 2162 Domini
723 2085 791 2161 Dei
805 2090 854 2171 sui
863 2139 871 2164 ,
892 2092 1088 2186 imponetque
1101 2112 1231 2161 monum

164 2197 259 2287 [unm
280 2196 436 2266 odiorum
454 2194 493 2267 (ὅ
518 2192 644 2261 curabit
664 2192 792 2285 lepram.
845 2185 988 2263 Etenim
1011 2210 1155 2265 manum
1182 2191 1231 2260 lo·

169 2317 244 2390 prae
260 2295 467 2384 imponere,
495 2293 526 2364 ἃ
547 2310 672 2365 curare
687 2286 797 2362 solius
815 2287 962 2363 Domini
975 2293 1044 2363 mei
1059 2290 1139 2384 Jesu
1155 2285 1233 2364 offi-

171 2401 266 2469 cium
291 2393 361 2482 est,
399 2394 457 2484 qui
483 2412 559 2465 non
587 2406 727 2464 tantum
753 2389 843 2487 dixit
869 2409 950 2463 cum
976 2386 1048 2477 fide
1072 2411 1234 2486 pronun·
1330 2472 1332 2478 ,

170 2495 304 2568 cianti:
340 2497 378 2563 Si
398 2498 471 2582 vir,
493 2508 578 2587 potes
602 2515 649 2560 me
668 2493 842 2579 mundam
872 2490 971 2581 Volo,
996 2499 1135 2562 munius
1157 2492 1234 2588 esto:
1277 2506 1279 2511 '
1309 2548 1312 2559 .

170 2608 407 2688 praeterquam
434 2591 532 2681 quod
561 2592 654 2664 enim
681 2588 854 2678 loquutus
880 2587 952 2680 est,
978 2592 1099 2687 tetigit
1125 2592 1234 2667 etiam

173 2712 284 2784 eum,
311 2693 345 2763 δι
368 2691 558 2766 mundatus
586 2688 653 2761 fuit
676 2708 695 2759 a
719 2691 819 2779 lepra
844 2683 912 2759 sua.
963 2686 1094 2764 Erratis
1124 2691 1242 2766 etiam‘

171 2792 356 2881 Naaman,
382 2791 601 2864 nec'videns
621 2802 792 2880 quantum
812 2786 931 2859 caeteri
952 2785 1054 2861 fluvii
1075 2789 1235 2883 Jordane

171 2892 239 2967 sint
263 2891 477 2971 infer-iores,
493 2902 690 2981 'quantum
705 2889 836 2960 attinet
860 2888 904 2959 ad
928 2890 1123 2964 curandum
1150 2878 1259 2983 eoas

174 2995 233 3085 qui
251 2993 384 3066 morbo
404 2988 518 3063 affeiii
537 2990 636 3080 sunt,
663 2988 784 3061 laudat
802 2983 962 3061 Damasci
984 2987 1140 3073 fluvios,
1168 2989 1237 3061 A'r·

175 3094 267 3167 bana
286 3091 319 3163 δι
336 3089 519 3182 Pharpha,
546 3090 700 3165 dicens}
715 3090 770 3158 An
786 3111 852 3155 mm
868 3088 963 3157 bonor
979 3089 1024 3185 tsi
1036 3092 1181 3177 Ariana,
1195 3090 1236 3168 U

176 3194 330 3284 Pharphar
343 3190 445 3286 fluvii
461 3190 606 3278 Damasei
614 3209 681 3285 pto
700 3186 843 3256 omnibus
858 3192 949 3283 aquis
969 3188 1116 3275 israelis?
1144 3196 1238 3264 Nom

173 3316 213 3364 ne
228 3290 390 3388 profaiius
405 3289 537 3360 lavabar
553 3296 589 3359 in
607 3296 651 3358 eis
668 3289 706 3362 Θ
723 3283 919 3359 mundabor?
968 3287 1023 3361 Ut
1041 3293 1135 3366 enim
1159 3293 1240 3365 nul·

172 3393 227 3465 ius
252 3392 391 3479 bonus,
416 3388 479 3463 nisi
500 3409 612 3480 unua,
646 3407 776 3480 nempe
801 3386 899 3460 Deus
923 3403 1050 3482 pater,
1075 3394 1122 3466 irc
1142 3393 1239 3466 inter

170 3491 308 3566 fluvios
326 3491 444 3563 nuilus
463 3488 514 3560 est
532 3491 668 3573 bonus,
697 3487 758 3561 nist
775 3488 954 3582 Jordanit,
982 3491 1087 3564 etiam
1105 3493 1251 3586 alepra'
1289 3532 1291 3541 ·

170 3593 325 3667 liberare
344 3590 471 3663 valens
490 3609 592 3680 eum,
620 3588 678 3679 qui
704 3607 783 3659 cum
811 3583 881 3659 fide
903 3589 1003 3682 lavat
1024 3589 1176 3664 animani
1199 3592 1238 3666 in

167 3689 267 3789 Jesu.
320 3689 478 3762 Proinde
506 3710 624 3761 meum
652 3687 702 3760 est
720 3687 916 3780 judicium,
941 3686 1108 3781 scriptum
1137 3689 1239 3765 iuiiie

169 3809 302 3865 omnes
318 3787 482 3862 sedenter
498 3785 600 3880 super
612 3787 756 3861 flumina
767 3786 962 3878 Babylonis
977 3804 1129 3883 propter
1141 3791 1240 3864 hunc

165 3892 283 3977 flere,
310 3890 484 3963 memoria
503 3903 710 3978 repetentes
736 3886 836 3960 Sion.
888 3885 1040 3963 Deduiii
1066 3893 1239 3965 enimob

165 3992 302 4066 vitium
320 3988 645 4087 in‘captivitatem,
672 4007 754 4064 curn
775 3986 859 4062 alias
878 3985 1115 4086 degustaffent
1131 4011 1239 4155 αρξας

198 4107 202 4113 .
384 4145 386 4150 .
1069 4098 1082 4127 „
1118 4107 1179 4180 ῳ

223 4326 242 4371 2
