2817 4575
312 338 378 416 ru
416 332 706 436 Jourvurru
741 332 953 411 nouus·
980 336 1016 413 r·
1131 337 1191 440 'ts

126 501 202 600 'Ego
215 502 286 592 [um
302 502 397 599 Jrsus
416 502 438 599 (
449 503 692 589 Nummus),
719 523 809 595 quem
830 515 868 568 tu
886 502 1086 598 persequeris.
1114 504 1192 604 Qui

132 623 229 678 voro
244 601 357 697 spinis
375 603 529 692 hebent,
547 601 674 691 quibus
691 596 846 691 spretum
862 596 978 692 Jeiunn
993 619 1190 700 coronent,

131 702 195 780 niis
221 703 282 794 hi,
309 702 369 793 qui
393 701 597 775 divitiarum
618 698 915 772 sollicitudinibus
943 722 984 772 rc
1009 700 1191 794 praesentis

128 806 218 878 -vitae
242 802 491 892 voluptatibus
514 796 702 884 suffocati,
728 819 773 870 ex
795 813 950 890 accepto
972 802 1043 876 Dei
1072 809 1189 876 verbo

130 905 269 978 nullum
288 899 450 973 referunt
467 896 645 973 studium?
670 897 826 970 Proinde
840 900 1041 976 cavendum
1059 904 1193 989 estno-
1311 955 1314 964 ,

131 1005 286 1093 bis‚·ne
309 1000 454 1090 quando
475 1001 513 1071 in
534 1016 661 1071 eorum
688 1017 878 1071 numerum
901 997 1032 1072 redarii
1060 1023 1101 1075 ac
1130 1005 1192 1077 de·
1289 1005 1291 1010 ’

130 1101 281 1194 scripti,
306 1101 369 1190 qui
384 1097 501 1196 Jesurn
521 1097 589 1171 suis
605 1110 789 1169 coronant
806 1096 930 1191 spinis,
959 1095 1062 1195 hujus
1080 1124 1192 1194 gene.

131 1205 179 1275 rls
204 1198 372 1272 homines
400 1196 471 1271 elle
491 1199 647 1293 legemur
672 1198 810 1290 abiis,
838 1200 898 1289 qui
922 1197 1088 1294 discunt,
1115 1222 1191 1295 quo

134 1297 239 1396 petto
258 1296 379 1393 Jesus,
406 1302 465 1388 qui
483 1298 519 1371 in
535 1296 724 1387 omnibus,
751 1296 784 1370 dr
805 1318 915 1389 penes
937 1320 1062 1372 omnes
1083 1317 1194 1384 retro-

135 1402 186 1476 nis
205 1411 415 1491 compotes,
433 1394 621 1472 &linitos
639 1413 897 1488 commoratur,
912 1412 987 1473 tuns
1006 1410 1193 1496 unguento

134 1511 310 1595 ungetur,
338 1511 414 1569 turn
429 1497 609 1571 convivio
626 1496 845 1593 excipiatur,
872 1519 914 1572 ac
932 1497 1062 1575 deinde
1084 1501 1195 1594 glori·

133 1597 285 1692 ficetur3
311 1608 388 1670 tum
409 1610 538 1669 contre
559 1592 773 1690 spernetur,··.
790 1595 1048 1693 irrideaturque
1071 1620 1112 1673 ac
1131 1621 1194 1674 ve-

133 1700 247 1794 -pulet
299 1692 511 1768 Necellerio
531 1694 744 1769 rutemhaec
761 1716 782 1769 a
799 1699 906 1771 nobis
925 1696 1013 1770 ditia
1036 1697 1116 1772 sunt
1135 1699 1196 1774 de·

135 1795 414 1873 monstrantibus
432 1816 559 1868 ornnes
574 1791 732 1866 artiones
747 1793 1038 1887 nostras-'bonas‚
1057 1799 1090 1870 dr
1107 1821 1195 1891 pec·

138 1910 214 1970 csta
238 1897 524 1988 delinquentium
549 1915 613 1989 per
641 1892 805 1967 ordinem
829 1896 866 1968 in
895 1895 1097 1992 Evangelio
1125 1898 1196 1974 effe

137 1995 270 2091 posita,
297 2009 359 2066 eut
384 1995 428 2066 nd
450 1996 561 2068 vitem
585 2005 776 2084 eternam,
803 2007 865 2065 aut
890 1998 933 2068 ad
955 1999 1194 2090 opprobrium

136 2093 432 2171 &confusionem
449 2091 717 2188 sempiternam..
804 2155 808 2164 .

209 2192 508 2287 13.Necs1inter
518 2193 682 2268 homines
694 2191 800 2285 aliqui
810 2188 1197 2290 fintEvangelistarum

135 2297 331 2371 ministerio
345 2294 539 2385 honorati,
565 2290 711 2388 ipseque
723 2291 820 2386 Jesus
834 2294 931 2368 bons
951 2301 1193 2396 evangelizet,

137 2412 242 2487 etque
267 2396 386 2485 etiann-
400 2395 615 2487 peuperibus
637 2392 886 2489 evangelizet,
920 2394 1060 2470 idcirco
1083 2420 1196 2493 opor·

139 2498 202 2568 tuit
223 2494 391 2590 Angelos
411 2491 525 2565 faetos
548 2514 568 2564 a
588 2490 673 2565 Deo
698 2490 837 2582 spiritus
889 2491 1081 2570 existentes
1100 2499 1195 2595 ignis

136 2594 311 2671 dammam
326 2592 360 2665 dr
376 2589 553 2665 ministros
572 2587 684 2664 Patris
704 2546 977 2686 universorum,
1002 2596 1071 2671 hec
1087 2598 1196 2677 laude

105 2728 108 2733 ·
136 2694 287 2788 privari,
314 2707 355 2763 ut
379 2691 414 2763 dr
437 2689 500 2782 ipss
522 2710 599 2764 non
622 2688 690 2763 lint
714 2687 962 2786 Evangelistae.
1012 2699 1118 2769 Hanc
1141 2701 1193 2773 ob

137 2791 295 2885 reusam,
306 2810 428 2865 coram
444 2788 644 2884 pastoribus
660 2787 822 2885 Angelus
837 2810 919 2864 curn
935 2790 1095 2889 diuidet,
1114 2819 1197 2872 eos·

136 2914 202 2984 que
217 2893 336 2990 gloria
355 2891 601 2981 undequaque·
613 2886 828 2965 illustrallet:
855 2894 912 2964 Ne
929 2902 1123 2985 rotamini,
1142 2901 1197 2972 in·

138 2996 230 3085 quit,
260 3016 325 3063 eccs
347 2997 430 3061 enim
449 2993 633 3082 evangelizo
650 2991 741 3060 vobis
754 2992 902 3084 gandium
924 3017 1087 3087 magnum.
1113 2998 1198 3096 qugd

136 3102 194 3165 trit
212 3095 306 3163 omni
320 3093 447 3186 populo:
473 3095 622 3187 quoniam
644 3106 744 3162 natus
759 3090 799 3187 efl
816 3093 903 3163 vobis
922 3094 1014 3168 bodie
1030 3100 1198 3191 Servatur,

136 3194 234 3288 qsiess
250 3190 396 3283 Christus
412 3191 567 3276 dominus,
583 3194 771 3279 testivitate
791 3193 920 3265 Dauid:
945 3197 1091 3284 quando
1102 3220 1196 3273 lion.

137 3294 212 3366 dum
230 3290 516 3385 intelligentibus
534 3289 769 3386 (hominibus
786 3288 974 3388 Evangelii
987 3296 1196 3389 mysterium

135 3389 239 3486 ipsis)
261 3388 523 3482 prestantiores
543 3386 693 3461 coelestis
711 3392 890 3465 exercitus
914 3393 1003 3488 Dei,
1031 3394 1194 3473 laudibus

135 3486 249 3566 Deum
271 3490 448 3563 vehentes
465 3489 607 3563 dicent:
635 3489 750 3562 Gloria
766 3495 803 3560 in
816 3490 974 3585 alsfflmis
990 3500 1074 3583 Deo,
1101 3498 1139 3575 (5
1155 3503 1195 3572 in

136 3606 226 3671 terra.
242 3609 337 3685 parts
372 3594 410 3658 in
428 3588 607 3659 'hominibus
629 3587 711 3673 bonu
739 3591 913 3680 voluntas,
942 3593 1068 3688 hisque
1093 3597 1194 3675 ditiis

155 3688 333 3764 asturibus
352 3688 387 3759 in
403 3689 530 3760 eoelum
544 3684 615 3761 sese
632 3684 811 3780 recipiunt
825 3688 972 3788 Angeli‚
987 3692 1093 3770 nobis
1108 3720 1195 3775 con·

89 3816 98 3869 t.
134 3708 354 3861 Ederandum
373 3788 635 3879 relinquentes,
653 3788 842 3879 quomodo
861 3788 1108 3870 annuntiaturis
1128 3819 1195 3872 no·

133 3886 181 3959 bis
200 3908 248 3959 ex
267 3900 356 3957 ortu
372 3882 498 3959 Christi
515 3883 597 3980 Jesu
615 3888 800 3982 gaudium,
827 3890 940 3984 gloria
959 3895 1066 3975 etiarn
1088 3895 1140 3967 est
1154 3899 1193 3971 in

135 3986 298 4064 utillimis
316 3984 428 4070 Deo;
452 3987 720 4062 revertentibus
740 3987 778 4062 iu
791 3989 950 4082 requiem
964 3990 1082 4074 suurn.¹
1106 3994 1141 4066 dr
1155 3997 1193 4071 in

335 4094 339 4100 ’
985 4091 1148 4169 eltillimis
