2817 4575
301 336 375 421 ,tn
410 338 704 442 Joanutn
740 336 1009 420 ‘tomus-t
1137 359 1184 438 ῃ

126 508 329 583 illuminare
353 508 441 578 alior
466 502 828 599 possint,-mundum:
860 504 963 597 eujus
982 500 1185 582 mundllur

127 605 426 699 fuerellpostoli.
454 606 503 677 ht
520 623 612 677 vero
622 600 795 676 Servator
808 606 869 677 lux
882 605 1033 679 existens
1047 605 1184 704 mundi,

121 719 209 783 ‘nou
232 724 409 797 corpora,
435 701 492 776 sed
513 704 765 795 incorpoream
792 717 947 778 mentem
969 705 1187 801 incorporea

121 804 491 902 -potentia‘illominat,
502 816 718 893 uttauquam
733 800 842 875 asole
854 805 1068 879 illuminatus
1080 828 1186 883 unus·

131 910 284 999 quisque
299 901 459 978 nostrum
474 901 598 975 videre
614 903 678 974 alia
695 901 799 980 etiam
818 903 1051 999 intelligibilia
1070 908 1186 998 poslit.

130 1006 327 1092 Utautem
350 1001 424 1075 sole
440 997 669 1075 illucescente
689 1001 745 1072 vis
762 1003 820 1074 illa
837 1004 929 1075 lunae
955 1003 988 1073 dc
1008 1004 1187 1086 stellarum

131 1102 352 1179 illuminandi
381 1100 611 1187 obscuratum
647 1100 694 1174 src
716 1101 774 1187 hi,
801 1102 859 1194 qui
889 1122 907 1175 a
934 1099 1079 1177 Christo
1106 1108 1186 1181 illu·

131 1205 306 1287 strantur,
332 1202 464 1292 quique
487 1197 690 1293 splendores
709 1200 801 1271 illius
819 1216 1081 1296 perceperunt,
1108 1207 1187 1280 nul·

133 1307 203 1377 lam
238 1320 386 1395 operam
419 1298 614 1373 deirderant
643 1301 842 1390 aliquorum
875 1301 1188 1380 administrantium

134 1398 418 1495 Apostolorum,
444 1401 503 1472 vel
528 1400 802 1494 Prophetarum,
829 1420 871 1473 ac
893 1420 940 1474 ne
965 1401 1189 1497 Angelorum

85 1573 91 1610 ,
132 1502 298 1592 quidem:
323 1499 520 1572 audendum
541 1500 635 1572 enim
658 1497 708 1572 est
731 1500 920 1574 veritatem
943 1501 1080 1575 dicere:
1104 1525 1188 1598 pro·

133 1598 386 1691 inde-addam,
411 1617 528 1688 neque
552 1597 898 1691 praestantiffimarum
921 1602 1095 1676 virtutum
1123 1616 1190 1678 eor

135 1700 321 1796 indigere,
343 1717 438 1789 quos
457 1694 527 1789 ipsa
542 1699 747 1793 primigenia
765 1700 826 1770 lux
845 1701 1045 1773 edocuerit.
1073 1700 1189 1776 Porro

135 1799 200 1890 iis,
228 1800 289 1888 qui
312 1798 456 1872 minime
476 1793 605 1868 solarer
623 1794 750 1868 Christi
767 1798 885 1872 radios
907 1819 1036 1894 capere
1053 1802 1191 1897 valent,

123 1894 254 1970 'Sentii
269 1895 331 1989 ipir
346 1893 580 1969 ministrantes
597 1895 714 1968 lucem
732 1898 912 1988 praebent,
938 1899 995 1971 sed
1011 1919 1069 1987 ea,
1085 1922 1191 1994 quam

137 1997 362 2092 prediximus
384 1994 492 2089 longe
514 1993 745 2083 inferiorem3
773 2014 854 2070 cum
868 2000 931 2092 vir
947 1998 1079 2089 alioqui
1098 2000 1192 2073 hanc

139 2115 286 2189 parvam
311 2094 373 2185 ipsr
392 2112 520 2185 capere
545 2095 690 2168 valeant
713 2113 800 2167 mox
819 2098 863 2169 ab
885 2096 955 2189 ipsa
971 2097 1078 2189 pleni.
1130 2096 1193 2172 Est
1303 2157 1305 2162 .

138 2209 259 2267 autem
288 2190 446 2265 Christus
468 2194 692 2267 luxmundi:
718 2191 769 2276 est
793 2194 827 2267 dr
847 2197 909 2267 lux
932 2215 1020 2269 vera
1046 2197 1090 2271 ad
1115 2200 1193 2292 ejus

139 2297 229 2368 lucis
255 2289 511 2386 differentiam,
536 2313 613 2384 quae
634 2293 732 2369 senso
755 2296 972 2388 percipitur3
999 2316 1081 2372 cum
1104 2300 1194 2372 nihil

85 2468 87 2477 ,
141 2393 240 2487 quod
263 2390 362 2465 sensu
383 2392 600 2484 percipiatur
622 2392 664 2466 lit
686 2412 837 2487 verum,
871 2415 940 2468 nec
964 2411 1083 2470 tamen
1111 2400 1194 2489 quia

85 2518 87 2599 g
141 2492 239 2585 quod
262 2489 360 2566 sensu
377 2492 574 2584 percipitur
588 2512 665 2565 non
681 2491 732 2566 est
744 2514 892 2588 verum,
916 2496 1053 2568 idcirco
1071 2496 1194 2573 falsum

85 2602 87 2641 ³
141 2591 220 2679 est;
255 2610 336 2664 narn
361 2589 480 2685 potest
505 2592 811 2682 comparationem
844 2598 1194 2689 proportionemque

141 2692 275 2767 habere
286 2740 299 2778 ,
325 2687 534 2783 quodsensu
550 2694 745 2782 percipitur
761 2691 804 2764 ad
823 2692 928 2787 illud,
956 2694 1053 2784 quod
1074 2697 1194 2771 animo
1302 2778 1304 2783 Ι

129 2792 321 2879 cemitnr,
347 2788 560 2879 rationeque
583 2790 921 2886 comprehenditur,
948 2813 1028 2867 com
1051 2796 1195 2870 interim

142 2889 221 2967 sane
239 2885 405 2978 reeteque
428 2886 473 2960 de
487 2890 586 2961 omni
604 2909 681 2962 non
703 2909 795 2962 vero
814 2911 890 2965 non
905 2893 1118 2985 predicetur
1133 2894 1198 2968 fal·

142 2989 225 3064 sum.
256 2990 414 3085 ·Quaero
440 2999 556 3061 autem
579 3009 622 3063 an
644 2989 740 3061 idern
764 2987 806 3062 srt
828 2990 1051 3071 luxmundi,
1076 2994 1110 3066 dr
1133 2995 1197 3070 lux
1223 3046 1227 3059 .

142 3088 340 3165 hominum.
390 3086 446 3157 Ac
463 3106 581 3160 rneum
601 3087 743 3179 quidem
763 3089 934 3181 judicium
954 3091 1197 3184 estmajorern

144 3203 231 3261 tunc
253 3186 343 3260 lucis
360 3184 433 3260 vim
451 3185 635 3280 exhiberi,
663 3207 743 3281 cum
762 3190 957 3280 appellatur
979 3192 1040 3263 lox
1060 3193 1197 3288 mundi,

146 3306 248 3379 quam
276 3284 512 3376 quandolurr
539 3284 737 3361 hominum.
786 3284 882 3362 Nam
914 3291 1064 3364 mundus
1094 3294 1199 3384 juxta
1324 3287 1327 3301 ’

116 3404 253 3460 ‘unum
270 3383 426 3472 sensnm,
451 3402 525 3456 non
551 3396 688 3459 tantum
710 3386 886 3462 homines.
936 3386 983 3460 Et
1008 3387 1134 3465 Paulus
1159 3394 1199 3466 in

138 3488 266 3581 priore
282 3484 326 3555 ad
341 3481 551 3557 Corinthios
566 3478 726 3576 Epistola
739 3487 850 3576 majus
863 3487 1027 3578 quiddam
1039 3488 1123 3582 elle,
1138 3493 1200 3565 vel

139 3587 252 3659 etiarn
276 3581 452 3679 diversum
474 3584 517 3655 ab
537 3582 742 3657 hominibus
763 3588 935 3662 mundum
953 3587 1050 3661 hunc
1077 3590 1200 3665 astruit

148 3684 292 3759 dicens:
327 3672 503 3753 Theatrum
523 3680 612 3774 faiis·
632 3683 739 3768 sumus
764 3688 899 3774 mundo,
925 3686 965 3762 (θ’
984 3691 1135 3783 Angelis,
1159 3689 1200 3767 ὠ*

96 3826 105 3853 .·
141 3776 336 3877 'lenimine
386 3779 541 3877 Proinde
563 3778 717 3858 observa
742 3803 786 3856 an
807 3784 906 3876 iuxta
930 3806 1050 3863 unum.
1066 3786 1201 3865 sensum

148 3878 296 3959 mundus
313 3879 355 3954 fit
370 3894 532 3955 creatora
546 3883 628 3975 illa,
655 3900 734 3973 quae
747 3882 929 3958 liberanda
948 3884 1199 3963 diciturabin·

144 3984 271 4057 teritur
296 3978 471 4055 servitute
493 3979 531 4053 in
544 3980 758 4059 libertatem
782 3985 905 4081 glorie
929 3981 1083 4067 filiorum
1107 3987 1199 4084 ilai,

275 4120 280 4125 ·
317 4132 322 4145 ·
635 4116 640 4129 ‚
1050 4085 1151 4177 cujus
1194 4174 1202 4187 ι
