2817 4575
128 341 160 498 ’ζ
293 379 1034 498 rur-poanuuurouusrr.
1120 417 1190 496 nr

124 578 224 664 guas,
249 559 290 640 (5
306 564 440 636 mendax
455 561 518 655 fis,
542 561 594 632 illi
612 560 697 634 voci
718 560 830 657 nibil,
851 560 969 658 addit,
984 585 1105 648 eorum,
1124 590 1193 661 qua
1259 561 1262 566 ’

98 717 101 722 ·
126 677 164 738 iar
180 666 296 736 mundo
308 665 411 755 sunt,
437 661 475 738 ss
493 670 530 731 in
543 662 600 731 lanc
615 666 801 738 conditione.
840 657 888 732 Et
905 663 1073 751 quoniam
1095 683 1195 758 apere

126 781 204 840 tum
219 763 271 838 est
288 761 379 835 ditia
393 752 499 858 'ipsius
516 761 623 834 valde
641 759 765 852 coaiia
781 755 871 851 effe,
898 755 1098 856 preterque
1117 768 1195 844 evi,
1213 830 1217 836 .

128 866 286 940 dentiam
309 866 577 955 pronunciata,
602 859 627 934 sr
652 881 729 953 quae
755 860 828 954 ipse
855 862 977 933 divina
1009 865 1198 959 opinatur,

129 963 371 1058 excluduntur
388 984 407 1034 a
421 982 533 1052 voce,
550 969 701 1056 omnium,
717 982 794 1053 quae
812 960 1000 1034 verosunt
1016 969 1199 1055 opinione

127 1063 187 1138 sua
205 1066 358 1137 omnino
377 1062 625 1155 corruptibilia
640 1064 788 1153 proprie
803 1061 971 1136 dicuntur
986 1070 1104 1136 omma.
1116 1087 1197 1152 non
1320 1099 1324 1106 ·

85 1163 90 1246 ζ
129 1163 392 1240 immorandum
419 1163 525 1236 nobis
548 1160 598 1234 est
620 1162 656 1233 in
683 1163 738 1235 bis
764 1159 1018 1252 confutandis,
1046 1185 1122 1253 qua.
1148 1187 1196 1238 ex

130 1265 165 1339 se
181 1261 433 1337 absurditatem
455 1284 524 1354 prae
541 1259 575 1334 se
592 1261 725 1335 ferunt.
778 1262 895 1356 Quale
913 1262 964 1334 eil
981 1264 1068 1335 illud
1088 1268 1209 1339 ctiam

131 1363 229 1458 quod
251 1361 432 1453 Scriptura
455 1362 617 1434 dicente:
648 1363 695 1432 Er
715 1362 779 1452 fine
803 1355 864 1453 1·in
884 1362 1013 1455 sallum
1034 1365 1072 1460 efl
1093 1355 1195 1450 nibal,

132 1465 203 1560 ipse
219 1462 319 1536 addit
335 1460 407 1535 srne
428 1460 639 1535 astitoritate
657 1461 865 1556 Scripturas:
892 1489 1016 1550 eorum,
1034 1492 1099 1561 qua
1115 1467 1200 1552 suns

133 1570 166 1634 in
191 1565 309 1633 mundo
329 1562 368 1637 (5
393 1568 570 1657 erraticum
593 1563 692 1651 quod
717 1583 835 1650 neque
855 1583 936 1635 cum
966 1586 1044 1637 curn
1064 1567 1198 1658 proba,
1274 1579 1276 1584 ·

133 1664 273 1738 bilitate
297 1662 532 1756 pronuntiat,
564 1661 623 1733 sed
649 1663 794 1755 dignum
824 1662 857 1735 se
880 1678 1004 1756 putat,
1033 1659 1200 1740 cuinon

133 1762 231 1838 secus
261 1775 368 1854 atque
395 1760 587 1851 Prophetis
611 1763 670 1832 vel
697 1759 883 1852 Apostolis
909 1766 1097 1854 credatur,
1135 1766 1198 1856 qui

134 1885 215 1939 rum
231 1860 444 1934 austoritate
460 1861 493 1929 dt
508 1860 691 1951 inculpate
706 1863 929 1950 reliquerunt
947 1863 995 1935 sni
1013 1863 1197 1955 similibus,

135 1985 171 2037 at
196 1961 349 2059 posteris
374 1959 441 2034 suis
467 1957 627 2032 salutaria
651 1958 791 2052 scripta.
841 1961 916 2054 Jam
944 1957 1037 2034 ¹vcro
1065 1965 1098 2034 br
1123 1964 1199 2037 hoc

136 2063 286 2138 dissum:
313 2066 430 2132 Omnia
452 2081 508 2156 per
526 2062 624 2156 ipsum
639 2059 734 2152 fodio
751 2060 848 2143 sunt,
874 2063 1062 2153 privatim,
1090 2078 1200 2150 atque
1312 2093 1314 2098 ·

135 2163 234 2238 secus
253 2181 357 2254 quam
372 2162 443 2251 alii,
469 2159 635 2253 exposuit
653 2162 788 2247 dicens,
806 2161 1004 2236 sermonem
1018 2184 1098 2235 eum
1114 2161 1197 2254 elle,

136 2267 192 2357 qui
210 2261 349 2336 causam
366 2261 558 2355 prebuerit
572 2261 814 2357 generationis
832 2262 951 2337 mtrndi
967 2260 1109 2356 opifici,
1129 2283 1201 2335 nec

127 2379 256 2439 'tamen
275 2361 430 2436 sermoni
456 2358 666 2453 competere
688 2364 920 2454 particulam,
938 2385 966 2453 ,a
986 2385 1058 2455 quo
1078 2368 1137 2437 vel
1154 2383 1201 2461 ex

137 2484 230 2557 qun,
258 2460 317 2535 sed
331 2482 387 2557 per
409 2486 518 2556 quem,
545 2482 733 2552 exponens
753 2463 809 2550 id,
838 2463 935 2552 quod
952 2462 1115 2554 scriptum
1135 2464 1201 2554 est,

138 2561 290 2660 phrasim
320 2559 389 2633 effe
410 2559 644 2649 'consuetam3
672 2559 730 2632 sed
756 2562 779 2634 sr
805 2582 922 2637 rerum
950 2567 1082 2635 veritas
1110 2576 1201 2656 erat,

138 2680 175 2737 ut
201 2660 276 2757 ipse
299 2675 423 2756 putat,
449 2662 617 2751 scriptum
644 2659 746 2732 suisse
773 2664 963 2754 oportuit,
989 2668 1110 2737 'omnia
1137 2682 1204 2754 per·

138 2760 310 2859 opificem
331 2760 421 2833 sasia
446 2758 546 2831 fuisse
570 2781 589 2831 a
608 2759 793 2854 sermone,
820 2781 897 2834 non
920 2765 1002 2834 vice
1022 2774 1119 2834 uerla
1137 2783 1202 2857 per

85 2926 87 2939 .
137 2862 338 2939 sermonem
355 2863 398 2933 ab
417 2857 561 2953 opisrce.
613 2857 662 2941 Et
678 2882 746 2933 nos
764 2858 909 2952 quidem
923 2884 1001 2937 cum
1021 2862 1069 2935 nst
1084 2858 1202 2934 suiuus

139 2966 295 3055 vocula,
320 2984 375 3057 par
403 2985 513 3057 quem,
542 2961 690 3051 perinde
716 2975 823 3051 atque
847 2960 935 3033 facit
961 2961 1203 3051 consuetudo,

137 3082 214 3137 nnn
230 3061 303 3135 stne
320 3060 409 3135 teste
428 3059 691 3151 expositionem
710 3059 909 3132 dimisimus.
944 3060 995 3137 At
1014 3084 1105 3135 vero
1125 3064 1201 3155 ille,

85 3152 89 3177 ³
138 3175 375 3257 praeterquam
399 3159 498 3251 quod
516 3159 608 3232 suam
626 3161 838 3250 opinionem
855 3182 875 3232 e
893 3160 1023 3236 diuinis
1046 3162 1205 3257 Scriptu-

85 3294 88 3309 =
128 3266 184 3336 uis
207 3282 286 3335 non
308 3257 521 3347 confirmat,
547 3259 692 3330 videtur
715 3258 748 3329 δι
769 3256 960 3349 suspicatus
983 3262 1084 3335 fuisse
1111 3264 1205 3337 veti·

85 3358 93 3451 J
140 3375 277 3453 tatem,
314 3360 598 3451 &impudenter
621 3359 672 3429 illi
698 3356 902 3432 adversatus
931 3364 1080 3435 dicens:
1112 3363 1205 3437 Nou

85 3486 87 3491 ·
140 3464 233 3543 enim
253 3462 407 3535 faciebat
427 3457 499 3550 ipse
516 3456 652 3549 sermn,
680 3471 846 3550 tanquam
867 3466 910 3531 ab
932 3465 1003 3533 alio
1026 3475 1205 3556 operante

138 3577 203 3657 (ut
222 3552 270 3636 stc
290 3561 549 3653 intelligeretur
564 3558 711 3650 vocula,
724 3579 783 3653 per
799 3567 929 3656 quem);
947 3560 1004 3635 sed
1022 3564 1098 3657 ipso
1118 3583 1207 3657 ope-

139 3676 243 3737 rante
257 3662 348 3732 alius
364 3659 529 3731 faciebat.
565 3657 743 3730 Ceterum
761 3679 837 3732 non
853 3662 1032 3753 presentis
1052 3663 1101 3737 est
1114 3677 1207 3739 tem-

141 3764 241 3856 poris
272 3760 451 3855 probare,
485 3757 583 3849 quod
611 3758 734 3830 mundi
761 3761 910 3853 opifex,
946 3764 979 3834 bc
1008 3764 1207 3840 fabricator

142 3864 273 3941 fecerit
294 3858 493 3935 mundum,
525 3876 600 3932 non
626 3856 738 3931 fastus
762 3859 918 3934 minister
941 3863 1135 3961 sermonis,
1171 3867 1208 3947 dr
1299 3854 1301 3859 ⁵

144 3961 337 4037 ostendere
357 3956 455 4048 quod
474 3955 611 4047 sermo,
639 3972 680 4028 ut
701 3959 858 4034 minister
876 3962 1017 4057 opificis
1035 3967 1211 4049 mundum

144 4061 361 4143 condiderit.
389 4057 496 4161 Juxta
508 4056 629 4135 David
642 4063 735 4142 enirn
749 4058 996 4167 Ptoplreta'mt
1019 4074 1107 4141 baur
1124 4071 1242 4243 ugus,
1283 4150 1285 4154 ,
