2817 4575
94 253 140 346 “.
175 305 204 333 «
233 377 244 386 ,,
346 309 424 405 1N.
448 246 734 427 Jonrurunn
771 310 974 390 nonus
1010 316 1055 402 x.
1148 313 1236 413 su

85 523 108 566 =
126 501 129 510 ¹
148 488 189 558 br
202 477 343 553 'bomine
386 479 535 593 Quaerat
550 475 674 570 aliquis
688 477 876 569 quomodo
891 475 1037 571 seipsum
1050 495 1127 575 non
1141 498 1228 556 cro·¹

85 625 106 670 ι
147 583 254 655 deret
267 577 365 675 Jesus
383 579 459 665 his,
476 574 664 668 dequibus
682 575 850 652 testatum
868 576 1004 670 fuerat,
1024 580 1123 670 quod
1139 598 1216 654 cre·
1311 641 1315 648 .

100 725 105 766 ,
145 682 295 756 derentr
319 678 364 752 ad
382 676 481 769 quod
497 676 687 751 dicendum
708 675 780 770 est,
798 697 875 752 non
890 678 964 765 his,
987 678 1047 773 qui
1061 680 1215 755 credunt

85 783 186 872 uin
205 779 339 874 ipsun,
364 796 443 850 non
467 774 501 851 se
527 776 677 851 credere
699 775 836 870 Jesum,
862 776 923 852 sed
943 778 1018 872 bis,
1046 780 1107 871 qui
1135 799 1213 854 cre·

85 927 105 976 η
146 879 240 954 dunt
259 879 296 952 in
313 878 464 952 nomine
480 877 567 970 ejus.
604 873 739 949 Differt
754 881 849 952 eninr
869 880 1017 951 credere
1033 880 1069 951 in
1085 878 1211 973 ipsun,
1313 957 1316 966 ,

85 1029 104 1078 Γ,
144 984 190 1054 ab
209 997 277 1066 eo,
304 975 402 1069 quod
419 976 490 1068 est,
517 976 666 1050 credere
685 978 723 1050 in
744 978 894 1052 nomine
913 977 1030 1073 ipsius.
1081 978 1219 1069 ltaque·
1313 1053 1316 1068 ,

99 1133 106 1174 ,
139 1080 205 1172 qui
222 1078 287 1171 p'er
304 1074 410 1150 fidem
427 1095 504 1150 non
522 1074 573 1149 est
588 1076 823 1169 judicandus,
847 1099 923 1152 non
933 1078 1126 1171 judicatur,
1147 1098 1211 1153 eo·

85 1232 106 1278 ,
143 1175 245 1269 quod
262 1176 386 1252 credat
406 1178 442 1250 in
467 1174 600 1270 ipsum,
626 1198 703 1250 non
726 1193 846 1251 autem
863 1179 1010 1271 eoquod
1032 1179 1155 1251 credat
1171 1179 1210 1254 in

85 1333 102 1376 a
141 1276 293 1353 nomine
315 1275 434 1369 ipisus.
484 1275 716 1368 Inquitenim
736 1275 934 1365 Dominus:
957 1282 1029 1372 Qun·
1052 1281 1150 1348 credit
1171 1284 1210 1351 in

85 1431 105 1478 ,ς
140 1402 216 1469 me,
243 1402 308 1448 non
326 1378 517 1471 judicatum
544 1390 677 1451 utnon
707 1378 817 1474 item,
844 1379 919 1476 Qui
943 1378 1056 1451 credit
1081 1379 1117 1450 in
1142 1397 1211 1452 no·

90 1531 103 1572 a
137 1479 238 1554 miue
261 1495 346 1552 meo
368 1496 446 1550 non
470 1474 661 1569 judicatur.
713 1476 796 1550 Nec
823 1490 943 1551 tamen
966 1479 1106 1570 inquit,
1132 1479 1208 1573 Qui

85 1634 99 1678 n
140 1576 260 1651 credit
285 1578 323 1650 in
347 1596 405 1650 me
421 1576 494 1669 jam
521 1572 695 1673 judicatus
724 1576 785 1651 est„
836 1576 1001 1653 Fortaiiis
1024 1578 1119 1651 enim
1147 1577 1210 1668 qui
1298 1610 1300 1613 >

85 1737 93 1777 r
141 1676 262 1752 credit
281 1676 318 1764 in
335 1680 484 1750 nomine
499 1674 625 1770 iustus,
652 1676 767 1750 credit
782 1667 943 1771 quidem,
970 1698 1079 1770 quare
1095 1677 1209 1774 indig-

140 1796 213 1852 nus
230 1772 301 1869 est,
329 1775 389 1866 qui
401 1776 472 1866 jam
481 1776 661 1868 judicatus
681 1775 743 1867 srt,
769 1771 828 1849 sed
845 1778 964 1851 minor
986 1799 1033 1850 eo
1049 1774 1119 1869 est,
1146 1776 1209 1868 qui

140 1874 262 1950 credit
277 1876 315 1949 in
331 1874 452 1967 ipsum.
482 1878 600 1973 Quam
618 1878 667 1948 ob
684 1874 821 1951 causam
837 1877 996 1951 credenti
1010 1878 1046 1949 in
1062 1877 1210 1951 nomine

138 1972 270 2070 ipisus,
297 1973 443 2068 seipsum
459 1996 536 2049 non
558 1976 674 2049 credit
691 1974 801 2068 Jesus.
853 1975 969 2070 Ipsum
988 1978 1115 2073 igitur,
1141 1996 1209 2068 po·

139 2077 219 2156 tius
235 2094 335 2166 quam
354 2072 451 2148 suum
474 2095 609 2150 nomen
628 2076 821 2148 habeamus
843 2072 984 2151 neceise
1007 2076 1080 2168 οὓς
1105 2096 1151 2148 ne
1168 2078 1208 2149 in

140 2174 296 2248 nomine
312 2176 387 2265 ejus
403 2175 555 2249 virtutes
572 2173 747 2247 facientes
766 2174 960 2258 audiamus,
975 2196 1050 2267 quae
1070 2178 1113 2247 ab
1129 2172 1207 2267 ipso

137 2271 238 2372 dicia
262 2274 469 2366 audierunt,
497 2277 556 2367 qui
579 2276 825 2371 gloriabantur
847 2276 883 2348 in
906 2277 1056 2350 nomine
1080 2273 1208 2368 ipsius:

138 2372 204 2449 sed
225 2370 444 2462 confidamus
467 2375 666 2447 imitatores
691 2374 773 2447 fatti
796 2374 894 2448 Pauli
917 2379 1053 2451 dicere:
1092 2379 1210 2447 Omnia

132 2473 259 2579 paffmn
281 2477 319 2543 iar
348 2476 429 2568 Jelu
458 2473 579 2569 curuis
607 2499 654 2544 me
683 2475 910 2549 corroborante.
970 2474 1061 2549 lllud
1087 2488 1207 2552 autem

138 2570 409 2646 observandum
426 2571 496 2662 est,
523 2572 620 2665 quod
636 2571 800 2665 superius
819 2573 962 2666 quidem
979 2573 1075 2647 dicat
1089 2593 1207 2665 oropo

137 2670 357 2766 effepascha
371 2670 594 2765 Judaeorum,
622 2671 681 2746 hic
698 2692 789 2744 vero
812 2672 944 2746 nonin
961 2671 1127 2765 paschate
1147 2671 1208 2765 Ju·
1273 2744 1276 2749 .

136 2774 324 2857 deorum,
352 2772 409 2844 sed
432 2774 467 2845 in
490 2770 655 2866 paschate
673 2771 907 2866 Jerosoiymis
933 2787 1012 2845 erat
1027 2769 1146 2865 Jesus3
1171 2770 1208 2843 bc
1267 2788 1270 2794 ’

135 2874 219 2946 illic
242 2870 381 2963 quidem
404 2873 549 2962 quando
567 2870 772 2966 Judaeorum
801 2873 930 2947 dicitur
956 2869 1103 2966 pascha,
1130 2890 1208 2946 non

131 2969 276 3045 dietum
293 2969 342 3045 est
359 2970 432 3045 dies
449 2969 572 3062 festus,
599 2972 657 3046 hic
678 2993 770 3044 vero
787 2972 953 3065 scriptum
972 2969 1072 3050 fuisso
1088 2967 1207 3065 Jesum

140 3068 217 3148 effe
236 3073 272 3143 in
294 3072 350 3145 die
374 3068 484 3148 festo:
511 3069 744 3168 Jerosoiymis
766 3072 860 3147 enim
877 3069 1029 3144 existens
1050 3068 1207 3141 Christus
1240 3068 1242 3073 ⁴

138 3174 182 3244 in
209 3168 372 3261 paschate
398 3185 493 3263 erat,
520 3169 611 3244 &in
637 3170 695 3244 die
715 3169 806 3247 festo
830 3171 949 3245 multis
978 3169 1206 3246 credentibus

142 3270 254 3342 etiam
270 3271 307 3354 in
328 3271 476 3343 nomine
491 3269 607 3363 ipsius.
659 3269 716 3342 Ac
734 3269 899 3364 profetio
916 3272 1003 3342 iilud
1020 3272 1127 3344 etiam
1142 3269 1207 3343 ob·

139 3369 359 3444 servandum
381 3367 453 3455 est,
480 3371 614 3443 multos
638 3370 707 3441 dici
734 3370 881 3442 credere
907 3390 982 3442 non
1010 3371 1044 3442 iu
1073 3367 1206 3460 ipsum,

139 3468 263 3543 sedin
289 3470 436 3542 nomine
456 3467 573 3561 ipssus.
625 3470 699 3565 Qui
725 3489 816 3541 vero
845 3472 881 3541 in
907 3472 1003 3543 iilum
1032 3468 1202 3552 credunt,

141 3568 186 3647 hi
207 3565 307 3656 sunt,
336 3571 394 3658 qui
423 3571 604 3642 ambulant
626 3589 691 3659 per
710 3571 804 3645 viam
827 3567 954 3641 arnam
974 3583 1081 3658 atque
1096 3585 1206 3661 angu-
1311 3650 1313 3657 Ι

141 3666 231 3745 stam
253 3666 444 3756 ducentem
467 3666 662 3756 advitam,
690 3688 766 3756 quae
784 3690 802 3738 a
822 3667 1132 3758 quamoaucisbmis
1153 3668 1207 3738 in·

142 3770 302 3839 venitur.
354 3767 446 3840 Fieri
463 3779 615 3843 attamen
636 3766 773 3859 potest,
801 3781 841 3841 ut
856 3770 957 3841 multi
975 3787 1019 3839 ex
1043 3768 1118 3851 his,
1145 3764 1206 3855 qui

145 3868 344 3940 innomine
364 3866 467 3960 ipfius
483 3867 653 3953 credunt,
679 3868 888 3939 recumbant
908 3889 986 3939 cum
1012 3867 1206 3954 Abraham,

146 3964 311 4071 bissae,
339 3966 504 4074 &Jacob
524 3967 561 4043 in
579 3987 699 4153 reglgrlr<
712 3969 900 4042 coelorum.
929 3967 1097 4070 quoniam
1111 3964 1206 4139 sariri
