2817 4575
245 287 249 294 ’
339 331 409 412 ,iis
443 265 1094 448 J'onni'vnmt‘ioiiusvi.
1152 257 1241 437 ⁸289x
1294 383 1296 388 -

162 495 240 574 set..
258 495 262 514 '
280 485 346 572 Hit
372 499 479 596 igitur
504 516 582 571 non
609 489 911 572 contemnendam
935 498 1230 589 probabilitatem
1315 522 1317 526 ·

160 599 404 678 habentibus,
428 593 565 670 rursum
592 593 858 670 Ecclesiasticus
890 597 1068 674 dubitabit
1097 613 1227 676 contra
1296 621 1299 632 ·

160 699 264 774 illuni
290 702 467 790 priorem,
493 717 537 770 an
558 697 650 770 illius
676 693 865 788 Prophetae
883 695 955 788 sit„
970 700 1028 791 qui
1049 720 1067 770 a
1090 695 1226 791 Spiritu

158 801 404 888 illuminatur,
439 799 499 888 qui
524 798 568 869 ab
594 793 694 869 Esaia
720 798 988 890 prophetatur,-
1008 801 1066 888 qui
1084 820 1115 870 -a
1143 801 1225 880 tali,

160 913 341 987 tantoque
357 896 523 990 Angelo,
549 897 752 988 priusquam
768 895 994 988 nasceretur,
1021 893 1225 990 prae'dieitur

158 997 373 1092 pariendus,
401 999 460 1087 qui
486 1018 531 1069 ex
556 995 780 1087 plenitudine
810 993 936 1069 Christi
963 999 1125 1088 accepit,
1163 1003 1224 1089 qui

160 1098 310 1193 gratiam
337 1097 442 1169 talem
468 1118 509 1167 ae
533 1109 667 1168 tantam
687 1097 938 1186 participavit,
964 1097 1022 1187 qui
1044 1098 1224 1172 intellexit

160 1197 353 1271 veritatem
370 1214 434 1288 per
450 1193 566 1288 Jesum
585 1192 761 1268 Christum
783 1193 905 1270 fastam
921 1193 1037 1285 fuisse,
1064 1199 1122 1289 qui
1140 1199 1224 1272 talia

160 1317 209 1370 ac·
220 1309 321 1372 tanta
345 1291 391 1368 de
414 1294 520 1387 Deo,
548 1293 651 1368 aede
672 1295 747 1385 ejus
765 1292 1072 1390 Unigenitoillo‚
1100 1299 1158 1387 qui
1178 1295 1223 1370 ad
1253 1309 1256 1320 '

156 1397 271 1473 sinum
287 1399 395 1487 patris
412 1394 475 1485 est,
503 1393 698 1486 enarravit,
715 1395 871 1486 mentiri,
900 1409 1006 1487 atque
1028 1398 1134 1470 etiam
1153 1397 1241 1492 hm,
1303 1465 1309 1480 ,

157 1497 284 1587 filare,
300 1516 376 1569 non
394 1493 645 1590 agnoscentem
663 1495 762 1585 quod
778 1510 863 1572 erat.
905 1494 1113 1588 Oportebat
1128 1499 1222 1572 enim

158 1598 206 1669 de
228 1597 332 1668 rebus
354 1596 621 1670 obscurioribus
646 1594 877 1668 assensionem
898 1596 1080 1689 inhibere,
1103 1618 1222 1688 neque

158 1694 399 1770 concedendo
427 1716 545 1786 neque
575 1694 743 1768 tollendo
768 1695 1066 1788 propositionem.
1119 1693 1223 1799 Quo'·

157 1796 272 1872 modo
293 1808 412 1869 autem
428 1793 560 1869 rationi
580 1790 859 1882 consentaneum
876 1817 950 1868 non
971 1811 1066 1882 erat,
1092 1796 1223 1871 simul·

159 1912 282 1968 torum
300 1908 376 1967 tum
393 1897 565 1988 temporis
581 1896 712 1991 dogma
730 1894 802 1966 hoc
819 1892 957 1988 fuisset,
984 1911 1024 1967 ut
1042 1898 1223 1984 dubitaret

158 1991 320 2091 Joannes
341 1996 386 2068 de
411 1994 543 2088 seipso,
571 2015 655 2068 num
685 1995 829 2086 quando
856 1995 967 2066 anima
996 1992 1052 2066 sua
1080 1997 1114 2067 in
1143 1995 1222 2068 Elia

156 2095 300 2168 fueriti
336 2095 434 2190 Quin
455 2096 497 2168 ad
517 2095 696 2168 historiam
719 2095 940 2184 provocabit
957 2092 1221 2168 Ecclesiasticus

159 2191 440 2286 illumpriorern
465 2193 667 2269 auditurum
692 2194 736 2266 ab
762 2193 836 2285 his,
864 2196 923 2283 qui
950 2192 984 2266 se
1003 2193 1090 2266 scire
1113 2187 1223 2287 profi·
1265 2215 1267 2222 ·

158 2309 409 2385 tentur‚·.puae
428 2294 521 2386 apud
539 2294 713 2369 Hebraeos
732 2314 859 2366 arcana
876 2292 955 2366 sunt
972 2293 993 2389 (
1004 2294 1036 2365 di
1052 2297 1223 2391 evulgare

160 2393 205 2469 ht
227 2392 378 2489 nasas),
405 2415 489 2469 num
519 2395 648 2491 dogma
674 2395 818 2485 aliquod
838 2395 1040 2486 hujusmodi
1065 2394 1106 2467 sit
1129 2394 1224 2485 apud

159 2492 275 2586 ipsos:
303 2515 383 2567 nam
407 2494 430 2568 si
453 2497 552 2568 nullo
571 2497 657 2568 loco
677 2508 864 2585 appareat,
891 2497 963 2565 hoc
984 2496 1079 2565 hunc
1095 2496 1131 2566 in
1146 2516 1224 2567 ino·

159 2595 245 2671 dum
271 2588 305 2664 se
327 2593 479 2685 habere,
508 2592 731 2686 perspicuum
761 2592 811 2664 est
838 2593 930 2664 illius
958 2594 1086 2685 prioris
1112 2598 1223 2666 ratio·

158 2714 248 2769 nern-
264 2689 452 2786 dilsipata‘m
475 2691 555 2767 else.
610 2694 728 2792 Quam
746 2695 795 2763 ob
816 2712 890 2762 rem
909 2693 1138 2765 nihilominus
1158 2693 1224 2765 Ec·

161 2791 374 2865 clesiasticus
399 2792 579 2872 solutione
608 2807 753 2877 utetur,
790 2812 893 2881 quam
921 2807 1005 2864 ante
1031 2795 1223 2883 explicavi-

159 2913 266 2980 mus,
293 2891 408 2965 adhuc
437 2895 544 2965 etiarn
574 2887 646 2984 ipse
671 2892 899 2983 voluntatem
926 2894 1226 2984 interrogantium

161 2991 316 3087 produci
342 2993 377 3063 iri
397 2991 550 3065 medium
569 2989 764 3083 postulans.
817 2989 911 3063 Nam
938 2988 962 3062 si
989 2992 1059 3082 illi,
1086 2992 1144 3081 qui
1165 2993 1227 3064 rni-

162 3088 306 3183 serunt‚
333 3090 465 3177 sciunt,
493 3106 534 3163 ut
549 3092 728 3183 probavi,
754 3092 915 3183 genitum
939 3111 983 3161 ex
1002 3087 1227 3165 Zacharia&

163 3188 349 3265 Elisabeth
371 3188 549 3282 Joannem
574 3186 696 3279 fuisse,
725 3204 831 3278 atque
850 3189 955 3261 etiam
978 3190 1093 3263 multo
1117 3194 1225 3287 inagis

163 3292 209 3383 ii,
239 3291 298 3381 qui
317 3289 401 3363 missi
423 3289 585 3379 fuerant,
612 3309 658 3361 ex
680 3308 812 3383 genere
835 3308 914 3362 curn
936 3284 1047 3362 essent
1069 3290 1230 3364 sacerdo·

165 3391 250 3476 tali,
277 3391 403 3481 quibus
421 3391 510 3464 clani
528 3389 648 3459 sutura
666 3408 742 3461 non
761 3402 838 3459 erat
856 3390 969 3478 clara,
998 3404 1105 3479 atque
1123 3388 1230 3462 admi·
1287 3406 1303 3425 ··

163 3489 276 3563 tanda
302 3485 444 3560 soboles
472 3489 651 3562 Zieliiriae
675 3491 819 3582 cognati
845 3503 915 3559 tam
943 3489 1111 3578 illustris,
1144 3491 1229 3581 qnid

167 3588 377 3684 cogitarunt
396 3589 683 3684 interrogantes,
714 3588 760 3658 Es
778 3606 816 3656 ra
841 3582 957 3657 Elias?
982 3589 1073 3676 viri,
1102 3590 1159 3676 qui
1180 3591 1230 3662 le·

167 3704 296 3786 gerant
312 3684 423 3758 Ellam
441 3689 476 3758 in
493 3690 603 3761 coelos
623 3704 807 3779 receptum
826 3682 940 3777 fuisse,
959 3684 991 3755 &
1010 3687 1067 3776 qui
1087 3685 1231 3781 exspec-

168 3790 297 3863 tabant
315 3786 508 3861 adventum
525 3784 626 3877 ejusi
652 3784 816 3859 Fortassis
834 3787 942 3880 igitur
959 3788 1124 3875 quoniam
1143 3810 1231 3864 con·

169 3886 414 3961 summationis
440 3899 606 3978 tempore
635 3883 748 3960 Eliam
778 3900 860 3959 ante
887 3880 1062 3959 Christum
1087 3882 1233 3978 exspec-

170 4000 272 4067 tant,
298 3985 331 4059 di
354 3982 435 4078 post
459 3985 570 4058 liliam
594 3980 794 4082 Christum,
809 3985 938 4059 'veluti
961 3986 1102 4080 tropice
1125 3984 1236 4058 inter·

223 4091 370 4182 origenis
389 4081 478 4162 Tam.
495 4086 600 4162 XIII.
811 4076 849 4161 T
999 4178 1003 4185 Ι
1067 4099 1213 4178 togata
