2817 4575
316 323 381 404 tn
419 271 719 426 Joan'nuu
755 255 960 402 nonus
997 271 1085 404 ul(
1134 283 1206 428 'qa

141 509 225 588 gem
243 507 308 584 per
326 487 458 564 Mosen
477 489 606 582 dante,
632 503 708 574 tum
729 487 965 562 veritatem&
978 490 1123 585 gratiam
1140 511 1206 582 per
1288 535 1291 556 .

140 589 261 688 Jesum
287 585 466 664 Christum
490 587 667 664 faciente:
698 591 843 686 gratiam
868 603 987 665 autem
1012 591 1043 661 ἃ
1072 593 1206 666 verita·

142 704 219 764 tenu
237 705 301 785 pec
314 688 432 784 Jesum
450 685 625 763 Christum
643 688 820 782 faciente,
845 709 923 780 quae
939 693 1104 764 hominen
1117 710 1205 783 prae·

141 791 259 866 venit.
308 788 511 864 Candidius·
530 789 624 862 enim
648 789 681 860 n
708 789 894 883 fimplicius
921 790 1204 882 interpretante:

143 913 187 964 ea
208 893 349 964 verba:¹
372 894 489 961 Gratia
509 892 549 965 (5
565 895 690 960 ueritas
710 911 766 984 per
793 893 905 984 Jasum
930 893 1087 986 Christum
1105 888 1208 983 futh,

141 993 203 1087 qi,
227 1010 305 1064 non
327 989 641 1082 discruciabimur‚
666 991 816 1082 perinde
832 987 925 1082 quasa
944 991 1124 1064 contraria
1143 991 1204 1066 -hia

140 1090 185 1166 lit
199 1090 309 1176 illud:
347 1092 412 1184 Ego
429 1092 502 1180 sum
529 1095 608 1182 vla,
634 1097 759 1161 ueritas
785 1090 823 1166 (5
845 1098 935 1161 uita.-
959 1110 1040 1164 nam
1061 1091 1084 1164 st
1102 1087 1204 1186 Jesua

143 1188 217 1282 est,
244 1190 304 1280 qui
331 1190 441 1264 dicit:
477 1191 542 1284 Ego
552 1192 623 1277 sum
641 1197 785 1281 ueritas,
812 1190 871 1282 qui
893 1186 970 1262 fieri
995 1189 1132 1283 potest,
1160 1203 1203 1264 ut

138 1293 275 1364 ueritas
299 1309 362 1382 per
378 1289 494 1385 Jesum
514 1288 598 1381 fiat,
624 1309 705 1362 cum
726 1290 851 1381 aliquia
870 1309 933 1384 per
955 1288 1101 1382 seipsum
1124 1309 1205 1366 non

139 1387 233 1466 nati
283 1389 353 1463 Sed
376 1390 646 1485 intelligendum
669 1388 738 1475 est,
765 1391 862 1482 quod
881 1386 1127 1466 αὐτοαληθεια
1144 1389 1203 1485 ea,

140 1509 220 1583 qun
238 1487 290 1564 est
305 1511 367 1582 pet
383 1489 417 1563 se
434 1495 581 1579 veritas:
604 1487 676 1586 ipsa
691 1491 764 1571 illa,
791 1512 869 1582 quae
886 1489 937 1563 est
954 1490 1201 1580 substantialia,

141 1591 199 1682 δι,
228 1607 269 1664 ut
292 1595 340 1662 ita
366 1591 502 1680 dicam,
528 1593 680 1683 primum
701 1594 884 1683 exemplar
905 1592 998 1664 illius
1023 1592 1203 1686 veritatis,

99 1773 104 1784 ,
140 1709 221 1782 quae
239 1692 276 1762 in
296 1691 478 1764 animabus
495 1688 585 1763 inest
601 1691 751 1764 rationis
768 1693 977 1783 capacibus,
1005 1712 1023 1763 a
1049 1711 1117 1784 qua
1140 1712 1204 1766 ve·

137 1796 265 1881 ritate,
294 1792 407 1863 veluti
428 1791 599 1885 imagines
620 1792 714 1863 illius
738 1787 907 1882 imprellu
927 1792 1028 1864 fuere
1046 1788 1205 1882 spectan-

137 1893 235 1964 tibus
257 1893 468 1981 veritatem,
495 1911 571 1963 non
594 1910 658 1983 per
680 1888 797 1985 Jesum
818 1889 993 1963 Christum
1014 1888 1104 1964 facia
1128 1889 1202 1982 est,
1230 1913 1232 1921 ·

137 2011 258 2081 neque
283 1994 436 2064 omnino
462 2010 528 2082 per
556 1992 731 2081 aliquem,
758 1989 815 2063 sed
834 2011 853 2062 a
872 1991 969 2064 Deo.
1022 1989 1204 2088 Quemad-

136 2091 286 2164 modum
307 2095 401 2163 enim
418 2111 536 2181 neque
552 2089 676 2162 Sermo
695 2091 777 2180 ille,
805 2091 865 2181 qui
879 2092 914 2162 in
932 2091 1110 2184 principio
1124 2101 1204 2164 erat

139 2190 234 2283 apud
259 2190 399 2281 Deum,
427 2211 504 2263 nun
529 2188 580 2262 est
605 2208 670 2283 per
695 2191 868 2283 aliquem:
895 2211 1012 2280 neque
1030 2187 1214 2282 sapientia

135 2294 218 2382 illa,
246 2310 349 2379 quam
373 2294 511 2363 creavit
533 2292 640 2362 initio
660 2293 798 2365 viarum
819 2287 955 2366 sitarum
975 2293 1098 2376 Deus,
1124 2310 1204 2367 non

137 2391 190 2465 est
214 2410 279 2483 per
304 2391 479 2479 aliquem:
513 2390 560 2464 sle
583 2411 700 2480 neque
726 2393 859 2465 veritas
882 2393 941 2463 illa
972 2389 1022 2463 est
1050 2411 1113 2485 per
1138 2391 1202 2465 ali-

138 2511 257 2582 quem.
309 2493 448 2563 Verum
470 2500 547 2580 quae
570 2491 663 2581 apud
688 2494 852 2565 homines
878 2489 928 2564 est
951 2494 1105 2579 veritas,
1134 2510 1202 2584 pet
1285 2488 1287 2493 ’

135 2590 254 2685 Jesum
275 2587 452 2663 Christum
470 2588 560 2663 falia
577 2587 647 2675 est‚·
675 2593 776 2665 verbi
799 2592 930 2684 gratia,
946 2590 1102 2679 veritas,
1123 2610 1203 2681 quae

136 2695 174 2763 in
191 2688 303 2762 Paulo
320 2689 421 2780 inest,
443 2691 653 2781 caterisque
670 2690 871 2783 Apostolis,
887 2709 950 2781 per
967 2687 1082 2783 Jeium
1099 2687 1203 2763 Chri·

135 2788 226 2863 stum
244 2787 333 2863 faula
350 2788 411 2863 est.
438 2788 521 2860 Nec
536 2792 661 2864 mirum
677 2789 746 2879 est,
774 2788 947 2861 ssveritas
962 2810 1041 2861 cum
1060 2789 1102 2862 fit
1114 2808 1201 2880 una,
1286 2858 1288 2869 ,

134 2892 267 2971 multas
283 2889 376 2980 quai
392 2892 564 2961 veritates
585 2891 628 2961 ab
647 2890 707 2963 illa
721 2890 878 2963 dicamus
897 2885 1067 2963 diffluere.
1096 2889 1202 2987 Vidit
1308 2910 1311 2925 ·

137 2990 233 3065 enim
257 2988 376 3071 Dauid
399 2989 459 3063 ille
483 2991 661 3084 propheta
678 2993 807 3065 multas
830 2990 1027 3081 veritates,
1054 2989 1200 3063 dicem:

141 3094 307 3163 {ferimus
325 3098 470 3186 exquiret
489 3095 660 3165 Dumium.
713 3090 804 3162 Non
830 3091 931 3163 enim·
946 3109 1053 3163 ullam
1078 3088 1202 3182 exqui·
1312 3168 1315 3173 ,

133 3194 182 3263 rit
201 3191 390 3305 ueritatqm
410 3191 572 3263 veritatis
591 3188 696 3282 ipfius
719 3188 847 3280 Patet,
873 3184 932 3263 sed
952 3193 1104 3279 multas,
1133 3207 1201 3283 pet
1276 3246 1280 3253 .

136 3312 225 3383 quas
251 3288 455 3378 servantur,
483 3292 542 3382 qui
566 3309 625 3362 eas
649 3289 793 3362 habent
846 3287 966 3363 Simile
985 3308 1079 3363 veru
1100 3288 1201 3381 quid·

133 3390 214 3477 dam
242 3389 325 3463 huic
351 3390 483 3463 rationi
510 3390 555 3463 de
573 3390 748 3478 veritate,
775 3386 1044 3463 &veritatibus
1067 3389 1224 3467 dicium·

131 3491 338 3564 invenimus
356 3490 400 3563 de
417 3487 551 3582 justitia
568 3489 600 3562 δι
616 3487 771 3582 justitiis.
823 3487 901 3584 lusa
925 3492 1024 3564 enim
1041 3489 1199 3583 justitia,

133 3611 213 3683 quae
232 3611 278 3663 ex
302 3588 336 3662 se
358 3588 429 3682 est,
456 3588 758 3681 &substantialis,
785 3587 943 3663 Christus
960 3588 1030 3680 est,
1056 3595 1112 3686 qm·
1125 3590 1199 3683 fac·

133 3702 185 3762 tiu
206 3690 247 3789 est
265 3690 351 3760 nubis
363 3690 561 3786 sapiumiau
583 3695 669 3774 Deo,
692 3690 900 3787 justitiaque,
920 3690 957 3766 U
969 3688 1199 3784 sensificatio,

131 3792 353 3886 &redemptio
372 3786 595 3883 (perfecta).
647 3788 707 3863 Ab
722 3791 782 3862 illa
800 3803 918 3864 autem
936 3786 1070 3882 iustitia
1085 3812 1127 3864 ea
1141 3792 1200 3884 ju·

131 3890 225 3973 stitia
248 3887 453 3984 formatur,
479 3910 557 3983 qun
578 3891 615 3963 in
642 3898 865 3982 unoquoque
891 3890 1003 3985 inest,
1028 3893 1078 3964 ita
1100 3894 1198 3964 utin

130 3990 212 4088 hic,
237 3991 298 4087 qui
323 3987 536 4087 servantut,
568 3989 690 4068 multae
713 3984 802 4067 fiant
827 3986 1002 4091 justitie:
1026 3991 1208 4158 mugga

249 4134 253 4141 ‚
1030 4109 1105 4162 cau
