2817 4575
337 385 726 490 ruJoomunu
764 351 1093 470 contusa.)
1157 415 1227 490 525

161 561 232 636 leo
255 553 424 634 &securi
449 552 483 626 dr
507 554 638 645 quovis
658 549 745 626 ferri
766 550 1023 648 instrumento,
1038 567 1091 626 ¹ut
1108 558 1231 632 turbu·

164 657 307 736 lentum
320 655 412 732 nihil
428 652 633 745 sequeretur
651 654 687 724 in
707 653 845 743 templo
863 652 944 724 Dei.
984 650 1142 734 Proinde
1156 675 1233 732 rur·

168 757 227 832 sus
242 767 373 830 contra
388 755 478 835 hos,
503 755 563 844 qui
581 754 693 825 litero
709 748 889 843 serviunt,
908 749 1140 842 questionem
1155 775 1248 831 mo·-

170 878 265 932 veo:
287 856 377 952 ·Qui
393 850 471 926 lieri
489 863 655 944 poterat,
680 863 722 925 ut
744 849 912 924 chiliades
938 848 1121 950 octoginta
1145 856 1234 950 lapi·

168 955 329 1030 cidarum
347 973 428 1030 cum
451 950 588 1042 essent,
614 947 850 1026 edificarctur
867 951 995 1026 domuc
1017 953 1086 1026 Dei
1110 954 1234 1046 lapidi.

166 1058 239 1132 but
263 1055 380 1145 duris,
414 1051 593 1137 candidis,
623 1071 743 1143 neque
768 1053 921 1142 malleo,
953 1072 1073 1146 neque
1098 1053 1232 1152 securi,
1295 1141 1302 1152 ³

168 1153 233 1234 seu
247 1154 382 1244 -aliquo
407 1151 493 1226 serti
518 1149 755 1226 instrumento
781 1151 904 1224 audito
921 1151 957 1224 in
974 1153 1086 1227 domo
1103 1155 1232 1252 ipsius,

169 1255 255 1330 dum
272 1251 347 1346 ipsa
364 1248 626 1326 aedificaretur?
661 1250 758 1324 Vide
778 1271 894 1343 vero,
920 1271 968 1326 nc
987 1251 1086 1328 sorte
1103 1256 1235 1332 viven-

168 1369 227 1430 ter
250 1352 411 1447 lapicidis
438 1350 595 1444 lapidee,
621 1349 694 1426 line
715 1349 862 1445 strepitu
889 1347 972 1425 sectr
999 1352 1033 1425 dr
1056 1358 1235 1440 tumultu,

168 1451 421 1529 exscindantur
447 1451 576 1528 alicubi
602 1463 704 1524 extra
724 1452 920 1544 templum,
945 1463 988 1523 ut
1001 1453 1117 1548 parati
1133 1457 1234 1530 voni·

169 1552 292 1630 autad
309 1548 491 1630 structura
512 1552 633 1626 locum
654 1552 946 1650 convenientem.
997 1553 1096 1652 Quin
1115 1551 1235 1630 ascen·

170 1653 228 1730 suc
247 1651 388 1743 quidam
404 1647 456 1724 est
468 1651 563 1724 circa
578 1650 725 1726 domum
737 1648 808 1722 Dei
821 1669 898 1724 non
914 1647 1050 1725 habens
1069 1656 1235 1752 anguloa,

171 1752 232 1830 sed
247 1751 424 1826 flexiones
437 1748 611 1825 rectarum
625 1749 811 1834 linearum.
861 1748 1041 1843 Scriptum
1055 1749 1106 1838 est
1122 1757 1235 1836 enim:

173 1854 224 1928 El
240 1849 380 1942 ascensus
391 1850 547 1946 flexuosus
564 1864 635 1922 crat
648 1851 690 1922 os
711 1853 843 1920 aredium
859 1850 1058 1938 thalamum
1082 1851 1121 1932 θ
1137 1882 1158 1926 a
1173 1879 1247 1944 aare„

174 1955 226 2026 du
240 1976 335 2049 usquc
346 1951 393 2030 ,od
412 1956 546 2024 tertium
558 1950 713 2047 laqueare.
744 1947 960 2024 Flexuosum
975 1952 1069 2025 enim
1088 1951 1159 2032 effe
1174 1977 1238 2034 ne·

177 2049 270 2126 cesse
291 2062 372 2136 ctat
384 2050 420 2124 in
442 2049 510 2124 Dei
529 2050 666 2142 templo
682 2046 858 2124 ascensum
875 2047 1010 2142 ipsum:
1037 2052 1132 2128 linea
1147 2055 1238 2132 obli·

175 2171 245 2244 qua
261 2145 401 2240 ascensu
415 2148 492 2243 ipso
510 2149 675 2226 imitante
689 2149 860 2226 circulum
877 2149 1112 2240 aequiffimum.
1134 2204 1137 2209 -
1155 2155 1235 2251 Jarn

173 2269 268 2326 vero
291 2263 332 2323 ut
355 2249 483 2329 domus
507 2250 584 2326 hcc
605 2249 649 2325 sit
672 2245 794 2338 firma,
821 2245 1041 2329 edificantur
1059 2251 1110 2327 illi
1132 2273 1237 2347 quan

144 2366 149 2377 “
171 2350 414 2447 pulcherrime
425 2351 570 2423 vincula
585 2352 741 2442 quinque
757 2365 823 2442 per
839 2364 955 2425 totam
975 2351 1239 2435 domumuniu't

172 2450 286 2524 cubiti
310 2449 516 2532 altitudine:
542 2463 583 2522 ut
607 2449 778 2523 innuatur
802 2448 935 2525 debere
957 2470 1027 2525 nor
1048 2450 1240 2533 ascendere

171 2553 211 2627 in
235 2548 381 2623 sublime
404 2569 423 2620 a
447 2548 554 2621 rebus
582 2544 800 2622 sensibilibus
822 2549 865 2621 ad
891 2567 957 2624 cot
981 2548 1119 2644 sensus,
1145 2570 1267 2647 quot·

173 2650 321 2723 divinos
346 2662 511 2721 vocant:
545 2646 745 2723 contuendi
772 2666 814 2721 ac
837 2650 1107 2743 contemplandi
1138 2654 1241 2733 caufi
1295 2736 1297 2743 ,

171 2769 240 2841 res¹
264 2768 345 2838 eac,
371 2768 449 2839 quae
477 2746 598 2823 animo
627 2762 834 2822 cernuntur.
886 2744 1005 2823 Porro
1035 2750 1239 2845 beatiorum

170 2847 331 2941 lapidum
353 2849 458 2929 locus
481 2846 541 2921 ille
564 2842 634 2925 else
650 2846 817 2932 videtur,
844 2846 904 2939 qui
929 2864 1087 2925 vocator
1108 2852 1240 2939 Dabirz

172 2948 239 3025 ubi
262 2967 343 3025 arca
371 2944 568 3023 testamenti
597 2944 750 3025 Domini
774 2959 877 3038 erat,
903 2945 1241 3048 &chirographum

175 3046 250 3143 (ut
271 3050 327 3139 ita.
348 3044 497 3143 dicam)
519 3044 618 3139 Dei,
642 3066 776 3142 nempe
804 3048 933 3123 tabule
959 3045 1097 3144 scriptae
1125 3054 1241 3153 digito

176 3147 296 3242 ipsrur.
347 3144 400 3221 At
424 3160 505 3221 tota
526 3144 655 3222 domur
680 3147 883 3225 inauratur:
913 3142 1027 3226 Toum
1046 3154 1164 3236 enim,
1187 3156 1242 3233 in-

178 3249 278 3341 quit,
304 3247 424 3335 domum
447 3272 526 3318 aura
547 3252 783 3344 circumquaque
800 3252 937 3321 curavit
958 3274 1056 3346 usquc
1070 3255 1110 3328 ad
1123 3254 1241 3350 persa.

175 3352 297 3431 aionem
322 3348 478 3434 admorsa
501 3350 617 3421 domus.
678 3344 854 3427 Praeterea
882 3346 956 3425 duo
983 3345 1178 3431 Cherubim
1204 3355 1242 3435 in

174 3445 295 3521 Dabir
315 3462 437 3540 crant,
464 3448 562 3536 quod
586 3447 733 3542 proprie
756 3449 981 3541 interpretari
1009 3470 1086 3527 non
1112 3450 1242 3547 potue·
1276 3522 1279 3529 .

175 3562 279 3638 runt,
296 3547 354 3639 qui
370 3567 430 3620 res
445 3544 613 3620 Ebralcaa
629 3544 839 3621 inGraecum
853 3546 1117 3629 transtulerunt.
1136 3552 1241 3629 Abu·

174 3645 254 3725 sive
280 3662 399 3725 autem
422 3646 562 3739 quidam
583 3648 682 3724 hunc
708 3648 829 3725 locum
855 3646 1023 3731 dixerunt
1044 3656 1241 3749 templum,
1310 3681 1315 3690 ’

177 3746 278 3841 quod
299 3746 547 3833 honorabilius
573 3747 710 3839 templo
734 3744 912 3827 existeret.
965 3744 1241 3851 caeterumque

176 3848 216 3920 in
243 3847 355 3919 domo
380 3844 482 3938 suut,
508 3842 600 3923 frunt
628 3858 709 3921 tota
735 3867 865 3942 aurea,
891 3850 928 3923 ln
955 3846 1113 3947 signum,
1142 3854 1243 3946 quod

177 3966 281 4022 mem
307 3946 459 4021 omnino
486 3944 642 4040 perscha
670 3964 871 4023 accuratam
898 3946 1147 4029 discretionem
1182 3954 1243 4029 ha·

176 4049 519 4145 beatarumque
537 4064 660 4129 mente
673 4051 949 4147 percipiuntur
972 4073 1053 4147 quc:
1071 4053 1256 4141 duonum

670 4146 712 4227 li
743 4172 762 4251 5
1014 4200 1025 4213 =
1063 4148 1233 4226 ommno
