2817 4575
349 375 418 454 rn.
449 369 741 473 Joanrrrnr
778 315 985 448 ‘sonus
1020 371 1070 447 tn
1165 393 1235 472 ψ
1272 405 1282 422 ,

177 529 376 631 affirmant,
402 535 493 611 stare
508 533 674 610 adversus
685 533 864 632 'heretica'
879 549 1109 627 commenta,
1127 534 1160 609 ἃ
1175 553 1239 616 ex.
1281 588 1284 598 .

177 641 372 718 celsitatem
387 635 598 732 Evangeiici
617 635 784 728 praeconii
802 636 868 706 illis
887 654 1092 728 opponere,
1108 638 1270 732 inquo.

177 742 230 818 est
248 739 435 833 pieniffirna
453 736 638 810 consensio
657 736 855 807 communis
872 733 1062 829 doetrinae,
1088 742 1239 834 veteris,
1263 811 1267 822 ,

179 837 279 935 quo'd
300 855 454 924 vocant,
482 857 562 910 cunr
585 853 692 908 novo
715 830 961 907 Testamento.
1012 834 1145 929 Tuque
1167 841 1241 933 ipse
1288 857 1294 868 ·

179 942 273 1016 adeo
300 959 426 1012 eorum
451 936 622 1029 penuria,
650 934 711 1025 qui
734 935 884 1006 meliora
912 932 1131 1029 affererent‚
1158 961 1240 1036 cunr¹

179 1041 314 1119 rationi
339 1049 556 1132 pugnantem
579 1033 613 1106 δι
633 1031 813 1108 absurdam
831 1030 961 1127 fidem,
981 1043 1065 1127 'quae
1084 1051 1145 1111 tua
1165 1053 1243 1116 erat

178 1145 218 1218 in
233 1138 350 1235 Jesun
365 1138 500 1230 pietas,
515 1137 661 1209 mininie
677 1133 770 1206 ferre
785 1131 927 1225 poiies3
952 1135 995 1207 iis
1016 1147 1054 1207 te
1071 1135 1157 1212 olim
1175 1139 1244 1215 ser·

180 1240 351 1319 monibus
375 1237 592 1326 tradideras,
618 1234 751 1326 quibus
764 1234 907 1327 postea,
933 1233 1014 1310 usur
1033 1256 1096 1328 ea,
1121 1235 1163 1312 ut
1185 1241 1245 1315 de·

183 1344 312 1434 rebat,
339 1358 416 1430 quae
434 1338 515 1409 data
531 1335 597 1408 tibi
613 1331 683 1417 est,
697 1334 909 1427 prudentia,
931 1333 1103 1409 damnatis
1124 1335 1247 1413 disces-

182 1439 264 1515 sisti.
316 1437 404 1509 Haec
428 1451 547 1507 autem
572 1434 656 1507 dico
681 1436 724 1506 ad
753 1454 903 1519 eorum,
932 1437 1045 1526 qui&
1069 1438 1247 1514 dicere&

184 1541 343 1615 scribere
371 1535 536 1631 poliunt,
562 1547 737 1625 quatenus
764 1533 848 1605 mihi
875 1551 1043 1630 apparet,
1070 1537 1249 1615 defensio·

168 1661 281 1734 nem.
333 1635 402 1710 Sed
421 1639 453 1707 &
471 1654 585 1708 meant
601 1634 705 1726 ipsius
731 1632 864 1706 causam
884 1635 989 1728 dico,
1018 1640 1077 1729 qui
1101 1659 1177 1716 non
1200 1665 1249 1720 eo

185 1731 357 1816 instructu
373 1737 405 1807 δι
423 1735 569 1824 habitu,
587 1754 660 1826 quo
678 1729 747 1807 effe
764 1746 913 1827 oportet
934 1756 1037 1827 eum,
1055 1741 1112 1828 qui
1129 1761 1148 1810 a
1164 1740 1249 1822 Deo

183 1843 228 1918 srt
243 1838 397 1911 idoneus
414 1834 636 1907 fartae-novi
645 1830 867 1905 Testamenti
882 1834 1102 1929 administer,
1119 1860 1195 1914 non
1212 1845 1253 1917 li·
1316 1883 1318 1886 ·

187 1935 366 2030 terae‚ted
377 1933 537 2032 spiritus,
554 1933 721 2007 audacius
735 1953 791 2005 me
803 1931 845 2005 ad
856 1932 1044 2008 dicendum
1054 1935 1257 2031 projiciam.-

197 2060 1251 2092 Μ**ιιιιιιι--“

244 2125 304 2202 Ex
319 2122 426 2197 erdem
452 2119 547 2193 Tomo
572 2118 611 2190 V.
631 2118 716 2214 apud
736 2116 942 2212 Pamphilum
962 2115 1151 2213 Martyrrm
1169 2132 1205 2197 a'n
1245 2203 1249 2216 ,

218 2311 221 2315 .
513 2218 675 2316 Apologia
687 2235 750 2315 pro
773 2215 927 2310 Origene.
1194 2237 1200 2246 ·
1232 2245 1235 2252 ·

187 2321 427 2463 Unigenitur
443 2318 554 2394 rinus
566 2317 733 2391 Salvator
749 2316 888 2402 noster,
908 2318 967 2408 qui
981 2317 1075 2391 solus
1093 2342 1138 2394 ex
1152 2321 1265 2421 Patre·
1297 2356 1301 2363 ·

269 2435 374 2501 natus
392 2417 457 2513 est,
473 2418 568 2493 solus
587 2418 713 2491 natura
727 2417 759 2488 ἃ
775 2438 850 2490 non
864 2418 1065 2512 adoptione
1074 2421 1184 2499 Filius
1195 2424 1261 2507 est.-
1294 2448 1297 2453 ·

494 2540 797 2615 inminentem
824 2539 940 2613 Libra.

268 2636 377 2715 Unus
397 2659 485 2736 ergo
509 2638 559 2716 est
578 2658 686 2711 verns
710 2636 834 2729 Deus,
859 2645 916 2736 qui
925 2637 1012 2729 solus
1026 2641 1119 2714 habet
1136 2648 1263 2721 immor<
1299 2654 1302 2661 '

195 2734 380 2828 entitatem,
407 2743 505 2812 lucem
522 2740 651 2811 habitat
667 2734 913 2827 inaccrſjibilem.
965 2737 1070 2817 Unus
1095 2742 1128 2816 &
1153 2766 1262 2823 verus

162 2851 166 2856 ’
195 2842 323 2933 Dens,
349 2862 396 2920 ne
421 2838 555 2913 scilicet
579 2839 699 2912 multia
722 2839 800 2912 veri
819 2837 890 2915 Dei
908 2857 1044 2940 nornen
1062 2847 1266 2931 convenire
1328 2907 1331 2915 .

199 2944 399 3021 credamus.
426 2940 480 3014 lta
497 2960 583 3037 ergo
602 2939 633 3013 tr
650 2938 710 3032 hi,
729 2937 788 3029 qui
810 2938 992 3033 accipiunt
1004 2940 1157 3030 spirirum
1174 2949 1266 3046 adop·
1326 2984 1329 2991 ·

146 3036 148 3040 Α
197 3047 297 3119 tinnis
309 3043 477 3133 filiorum,
504 3046 542 3111 in
560 3064 621 3135 qua
637 3039 825 3108 clamamus:
858 3036 948 3111 Arba
969 3040 1083 3129 Pater,
1109 3040 1171 3119 filii
1191 3050 1272 3137 qui·'
1303 3058 1305 3062 “

198 3143 281 3223 dem
300 3142 370 3217 Dei
386 3139 488 3232 sunt,
516 3137 666 3215 sednon
683 3137 772 3210 iicut
787 3139 992 3235 unigenitus
1008 3138 1125 3221 Filius.
1162 3144 1273 3223 'Uni‘

144 3308 147 3313 .
178 3243 343 3345 xgenitus
365 3241 459 3316 enirn
476 3253 603 3317 natura
621 3237 753 3326 Filius,
779 3236 965 3338 &semper
981 3238 1015 3313 &
1033 3241 1272 3337 inseparabili·
1294 3279 1299 3295 ·

145 3362 155 3445 2
200 3358 259 3423 ter
274 3340 383 3415 Filius
401 3339 468 3415 est:
495 3341 614 3413 caereri
633 3356 727 3410 vero
745 3357 813 3431 pro
830 3359 898 3427 eo,
925 3340 1023 3431 quod
1039 3341 1273 3440 susceperunt

171 3520 175 3525 ,
201 3444 241 3525 in
255 3440 289 3514 se
303 3437 414 3515 filiunt
433 3440 524 3533 Dei,
546 3435 763 3531 potestatem
780 3437 1075 3533 acceperunt-filii
1093 3443 1163 3519 Dei
1180 3443 1274 3528 fient

149 3600 164 3617 ,,
205 3547 278 3642 Qui
292 3543 380 3617 licet
396 3564 463 3613 nort
479 3566 517 3611 rx
530 3538 765 3632 sanguinibus,
791 3558 890 3637 nequa
908 3564 947 3611 ear
963 3541 1132 3615 voluntate
1148 3555 1271 3638 carnis,

202 3668 305 3740 neque
329 3667 368 3711 ex
390 3642 561 3714 voluntate
587 3641 675 3722 viri,
693 3639 748 3727 sed
766 3662 805 3717 err
829 3644 895 3712 Deo
914 3646 989 3712 nari
1012 3640 1100 3722 sint,
1122 3667 1201 3725 non
1219 3665 1272 3724 ta.

205 3764 290 3823 rnen
318 3763 359 3812 ea
386 3741 577 3814 nativitate
599 3737 680 3812 sunt
701 3740 797 3833 nati,
825 3759 892 3831 qua
913 3754 1017 3816 natur
1041 3741 1093 3819 est
1117 3749 1278 3845 unigeni·

209 3858 267 3918 tua
289 3839 410 3917 Filius.
462 3845 610 3934 Propter
639 3839 930 3930 quotquantan
950 3837 1189 3924 differentiam
1211 3859 1289 3928 vess'

209 3963 271 4020 rua
289 3940 391 4016 Deus
408 3938 577 4013 habetati
597 3958 680 4026 eos,
700 3940 827 4030 quibus
849 3939 998 4017 dicitur:
1027 3944 1091 4038 Ego
1105 3949 1177 4019 dixi
1184 3993 1196 4033 ,
1211 3953 1279 4023 Dii

210 4042 301 4139 ,fleu
329 4053 468 4115 tantarn
483 4035 723 4123 differentiam
742 4041 853 4115 hahet
869 4060 984 4120 vertar
998 4039 1123 4133 iiitna
1145 4046 1198 4121 an
1215 4062 1311 4123 ems

210 4141 455 4242 ᾳυὶβνάἱυηεε
471 4141 545 4236 filii
562 4138 687 4246 Excelss
703 4167 830 4228 omnes«
1153 4140 1156 4153 ’
