2817 4575
177 307 180 312 ’
264 335 656 442 introsistitur
691 303 900 416 tomus
935 334 989 450 tt·
1079 355 1155 436 ως·
1248 317 1251 332 ’

90 505 414 608 nitigerepotient
431 503 687 594 consequentia
698 521 820 580 rernm
837 499 1056 597 scriptarum,
1074 524 1159 596 quet
1238 491 1250 513 '

91 627 307 710 putarentur
329 603 476 696 omissa,
501 603 623 679 scribit
648 595 808 699 Joanties
837 606 1005 694 tenebras
1020 608 1151 680 iucem

91 733 170 787 non
202 701 479 805 apprehendisse.
537 703 633 778 Nam
659 701 683 776 st
711 723 787 776 non
813 704 1150 800 apprehenderunt,

91 809 315 908 persequutae
328 827 405 878 non
419 804 754 900 apprehenderunt3
780 801 948 894 quodque
966 806 1081 877 lucem
1095 801 1152 878 'te-

93 913 214 986 nebre
239 905 460 1002 persequntae
484 897 887 997 fueritin-perspicuum
911 901 981 994 est,
1008 920 1083 979 tum
1104 919 1151 978 ex

94 1011 170 1096 his,
196 1029 276 1101 qun
292 1008 466 1079 servator
483 1001 663 1097 perpessus
681 1001 751 1082 est,
768 1005 980 1076 ¹tumetium
999 1005 1069 1097 iiii,
1090 1005 1152 1096 qui
1297 1041 1302 1052 -·

93 1099 187 1184 iilius
203 1107 419 1202 disciplinam
435 1118 677 1196 exceperunt,
704 1101 737 1174 st
755 1098 870 1176 secuti·
884 1103 962 1176 sunt
972 1155 985 1197 ,
996 1105 1152 1200 genuini

95 1209 200 1300 ipsius
218 1204 304 1299 filii,
330 1205 487 1282 tenebris
503 1204 735 1298 operantibus
752 1202 919 1282 adversus
936 1207 1025 1276 iocis
1041 1201 1151 1296 filios,

96 1309 130 1394 sq
150 1307 276 1408 fugare
294 1306 502 1376 volentibus
519 1304 636 1377 lucem
662 1305 705 1374 ab
728 1302 943 1390 hominibus.
994 1303 1046 1376 At
1063 1323 1155 1397 quo·

96 1405 236 1484 tiamsi
256 1405 356 1478 Deus
377 1404 587 1495 pronubis,
614 1404 752 1482 nulius,
773 1401 925 1477 'etiamst
947 1401 1058 1489 velit,
1087 1424 1154 1496 po·
1181 1445 1186 1456 ·

96 1509 180 1582 terit
202 1505 332 1598 aliquid
349 1503 532 1578 adversum
548 1521 639 1593 nos,
664 1502 924 1598 quantomagis
943 1499 1073 1595 seipsos
1087 1505 1153 1580 hu-

87 1608 300 1698 miliaberit,
327 1617 431 1675 tanto
451 1606 570 1693 piures
589 1601 811 1696 existebant,
837 1606 1153 1700 prevalebantqtre

99 1706 289 1782 admodum
310 1705 427 1776 vaide.
450 1773 453 1780 ,
478 1700 595 1774 Porro
611 1701 754 1774 duobus
771 1703 887 1777 modis
903 1704 1059 1776 tenebrae
1074 1727 1158 1783 non-
1306 1755 1309 1764 -

99 1803 412 1904 cpptebenderunt
428 1803 563 1876 lucem:
588 1802 647 1873 vel
667 1802 748 1892 quia
765 1804 827 1894 lux
846 1823 904 1875 eas
917 1805 1031 1899 longo
1046 1807 1156 1882 inter·

100 1908 195 1980 vallo
220 1901 303 1998 post
325 1900 360 1975 se
383 1901 619 1992 relinqueret,
646 1915 809 1990 utquam
835 1904 1019 1974 celeritate
1039 1909 1157 1996 perni.

102 2009 278 2095 citatoque
296 1999 414 2074 cursus
431 1997 666 2094 praestantem,
688 2002 737 2072 ob
755 2002 935 2094 propriam
951 2001 1156 2081 tarditatem

102 2103 176 2200 ipse
192 2104 369 2188 tenebrae,
396 2122 442 2176 ne
459 2100 561 2191 juxta
579 2098 813 2191 quantitatem
835 2101 999 2191 quidem,
1026 2101 1155 2196 assequi
1295 2165 1299 2177 .

102 2203 260 2301 possent,
285 2202 345 2273 vei
364 2203 443 2292 quia
461 2199 569 2273 sicubi
589 2203 748 2274 tenebre
768 2199 839 2272 tuci
865 2200 1002 2274 infidias
1020 2200 1156 2278 struere

102 2304 309 2392 voiuerint,
334 2316 441 2391 atque
458 2315 561 2373 certo
580 2298 735 2390 quodam
755 2301 927 2393 consilio,
955 2303 988 2372 dt
1007 2322 1070 2394 per
1087 2307 1158 2381 dis·

101 2402 341 2499 pensationem
370 2400 663 2493 supervenientes
686 2399 775 2493 ipsas
804 2403 863 2473 iux
884 2399 1156 2500 exspectaverit,

102 2524 184 2579 mox
204 2516 313 2594 atque
329 2502 399 2572 luci
419 2501 806 2593 appropinquaverint,
829 2501 1055 2579 evanescunt.
1089 2507 1162 2582 At·-

103 2618 216 2677 trmen
240 2615 397 2691 unoque
416 2599 536 2673 modo
550 2601 708 2674 tenebrae
730 2601 846 2674 lucem
864 2621 940 2674 non
959 2605 1157 2699 apprehen·

104 2704 242 2779 derunt.
398 2726 401 2731 ·
465 2722 480 2777 :³
565 2718 571 2733 ‘
816 2772 818 2777 .

89 2858 115 2875 ..
170 2822 231 2894 23.
257 2797 411 2872 Necesse
432 2809 550 2870 autem
565 2796 616 2870 est
630 2816 699 2869 nos
714 2797 751 2869 in
773 2797 1026 2875 hisversantes
1046 2820 1158 2880 anno·¹

104 2912 196 2994 tare,
221 2920 321 2991 non,
345 2898 453 2971 sicubi
472 2899 629 2971 tenebrae
651 2892 906 2991 nominentur,
932 2920 1019 2975 mort
1040 2924 1099 2976 eas
1114 2906 1157 2980 in

104 3002 263 3097 pejorem
286 3015 423 3091 partem
449 2996 560 3083 somi3
586 3015 714 3069 verum
739 2996 956 3090 scripturam
982 3005 1087 3077 etiam
1110 3006 1157 3080 ¹itt

105 3100 233 3177 innam
248 3115 387 3191 partem
397 3096 590 3186 aliquoties
606 3098 668 3169 bas
688 3096 870 3188 accipere:
897 3101 994 3191 quod
1021 3104 1080 3193 qui
1107 3104 1157 3178 di·

104 3199 235 3275 re‘rsn
253 3198 359 3270 nobis
374 3198 549 3275 sentiunt,
565 3216 650 3267 non
670 3194 894 3285 dividentes,
916 3201 1094 3275 horrenda
1112 3206 1156 3278 de

85 3294 220 3375 'nundi
244 3295 378 3390 opifice
403 3298 569 3390 dogmata
590 3294 820 3367 admittentes
844 3301 887 3369 ab
907 3300 983 3391 ipso
1010 3302 1156 3378 recesse-

104 3414 203 3491 runt,
230 3392 361 3489 seipsos
378 3393 557 3499 figmentis
574 3393 773 3467 fabularum
798 3396 1013 3473 addicentes.
1053 3404 1158 3497 Quo·

105 3499 210 3581 nodo
229 3516 344 3591 ergo,
360 3495 393 3565 dt
408 3494 576 3585 quando,
588 3493 626 3565 δι
639 3513 724 3568 num
744 3496 782 3567 in
799 3496 984 3571 meliorem
1005 3517 1156 3595 partem,

85 3587 326 3673 ¹tenebrarum
352 3614 486 3667 nomen
510 3591 692 3687 sumatur,
716 3596 787 3686 jam
810 3593 861 3669 est
884 3597 1155 3678 ostendendum.

85 3688 299 3787 tremore,
326 3696 439 3765 nubes
461 3694 673 3785 nimbusque
699 3694 734 3765 in
760 3690 892 3767 Exodo
917 3697 1010 3769 circe
1035 3698 1156 3777 Deum

85 3748 166 3873 sessu
188 3797 380 3884 dicuntur,
407 3792 441 3865 dt
466 3794 504 3865 in
531 3790 668 3866 Psalmo
692 3793 834 3865 decimo
860 3793 1028 3889 septimos
1046 3799 1156 3875 Deus

85 3888 194 4021 *postris
211 3896 357 3967 tenebras
376 3893 543 3962 latibulum
553 3892 668 3981 suum,
694 3898 733 3963 in
757 3897 893 3963 circuitu
916 3898 981 3989 ejus
1008 3900 1162 3971 taberna-¹

85 4024 89 4097 ἶ
106 3994 199 4083 dunt
214 4000 304 4095 qus:
323 3990 580 4091 tenebrosaeque
594 3998 633 4064 t'rr
647 3992 780 4065 nubibus
794 4001 900 4076 urrist
921 3996 945 4069 st
963 3998 1060 4071 enim
1074 4001 1158 4088 ‚quis

84 4148 89 4229 ἰ
962 4096 1132 4177 nonime·
