2817 4575
313 307 385 397 nt
412 300 701 416 Jodnrretr
738 307 947 395 tonius
982 315 1019 394 n
1141 333 1189 416 rt

88 435 93 524 s
133 482 384 577 setpraeditum
401 479 592 570 effecisset,
612 479 798 578 perfecisse
812 501 892 557 tom
909 480 1130 577 Evangelio,
1146 496 1191 557 ut

133 586 256 658 omnia
270 581 381 656 essent
395 582 499 656 instat
517 580 711 680 Evangelii.
739 582 895 678 (Neque
912 599 1038 677 preter
1054 601 1189 675 propo·

85 711 87 734 =
133 684 236 760 situm
250 683 419 776 exemplo
431 699 566 773 uterer,
582 689 640 777 qni
656 697 778 774 pauet.
792 681 840 778 *)
867 682 1025 777 Quando
1040 684 1133 756 enim
1147 681 1189 726 *⁵

85 875 87 882 Ι
131 781 215 860 sniis
235 783 420 880 hominum
438 783 625 858 divinitate
643 781 722 872 sut,
749 784 892 874 ablato,
918 783 1016 874 quod
1034 785 1070 854 in
1088 783 1189 879 Lege

134 881 374 980 &Prophetis
394 897 487 973 erat,
513 883 707 968 velamine,
726 877 843 956 Deum
864 887 969 953 certis
987 883 1187 955 rationibus

132 979 1189 1075 ostenditpalamoculosponenshis,quisapientiaeejusdis·

85 1071 88 1180 s
134 1083 245 1180 cipuli
260 1083 397 1156 vellent
408 1078 508 1173 fieri,
534 1102 691 1176 quonam
707 1101 793 1154 vere
804 1079 880 1153 Lex
897 1080 1008 1152 Mosts
1025 1082 1189 1156 contine·

132 1202 212 1278 ret,
239 1202 393 1273 quorum
411 1182 612 1272 exemplum
631 1181 835 1256 &umbram
854 1181 1024 1254 colebant
1038 1182 1187 1271 antiqui:

85 1307 87 1316 ·
134 1293 170 1366 dr
184 1303 343 1380 quaenam
358 1280 400 1352 stt
415 1283 544 1354 veritas
559 1301 677 1354 rerum
689 1284 724 1354 in
742 1280 906 1356 Historiis
922 1292 1191 1364 contentarum,

85 1405 87 1472 l
136 1408 214 1486 quie
227 1385 264 1457 in
280 1381 392 1478 figura
410 1383 670 1476 contingebant
685 1383 775 1472 illis,
793 1393 943 1474 propter
958 1400 1027 1452 nos
1047 1375 1190 1474 scripta,

85 1477 87 1502 ⁵
136 1491 178 1566 ad
196 1505 290 1580 quoe
309 1479 400 1554 fines
418 1478 621 1553 seculorum
640 1479 783 1553 deducti
801 1475 892 1554 sunt.
942 1478 1073 1552 Nulin's
1098 1499 1188 1575 ergo

85 1569 94 1604 '
136 1591 176 1665 ad
195 1605 302 1679 quern
319 1580 475 1654 Christus
494 1576 695 1671 accesserit,
723 1583 783 1653 vel
801 1580 837 1652 in
854 1578 1190 1670 Hierosolymorum

135 1692 226 1766 urbe
236 1727 251 1780 ,·
275 1683 336 1757 vel
352 1685 389 1755 in
409 1679 656 1753 Samaritarum
674 1693 800 1752 monte
818 1677 936 1752 Deum
959 1678 1106 1752 adorat:
1129 1677 1190 1753 ieri

85 1769 91 1902 Ι
136 1809 219 1870 cum
235 1784 400 1860 didicerit
416 1780 531 1862 Deum
548 1777 704 1871 spiritum
725 1778 818 1869 eise,
844 1775 1069 1874 spiritualiter
1080 1777 1191 1858 ,illurn

85 1937 95 1956 .
138 1891 262 1964 colena
275 1883 399 1978 spiritu
415 1880 450 1954 u
465 1878 639 1968 veritate,
660 1897 737 1950 non
751 1879 897 1970 amplius
914 1877 975 1966 sub
990 1875 1110 1976 figuris
1127 1873 1191 1950 Pa·
1327 1907 1330 1912 ·

136 2006 227 2064 trem
241 1980 485 2058 universorum
504 1977 696 2069 mundique
712 1971 879 2070 opificem
894 1969 1030 2049 adorat.
1071 1973 1191 2075 Quem

139 2091 186 2162 ob
210 2105 285 2159 rem
302 2096 384 2157 ante
402 2079 488 2151 illud
507 2075 740 2172 Evangelium
751 2131 763 2171 ‚
791 2075 889 2166 quod
908 2097 971 2168 per
989 2073 1115 2149 Christi
1134 2076 1192 2151 ad·

92 2248 97 2260 .
138 2199 290 2261 ventum
314 2179 364 2254 est
385 2194 526 2262 ortum,
551 2177 639 2254 nihil
653 2189 772 2250 rerum
782 2176 1011 2267 antiquarum
1031 2173 1192 2276 Evange-

93 2362 96 2367 ,
138 2292 222 2371 lium
236 2296 328 2358 erat
375 2273 947 2373 ·Porro·Evangelium·‚-quod·est
964 2297 1101 2352 novum
1117 2281 1192 2356 Te·

94 2372 99 2397 ⁸
138 2389 368 2465 lamentum,
394 2398 476 2451 cunr
500 2394 567 2451 nos
591 2398 610 2449 a
635 2374 814 2457 uetustate
831 2377 958 2451 littere
979 2379 1192 2479 abduxitlet,

98 2566 101 2571 ,
140 2487 277 2583 spiritus
295 2482 496 2555 novitatem
519 2485 698 2567 nunquam
719 2472 980 2571 senescentem,
1007 2477 1041 2549 dr
1064 2481 1106 2552 ad
1125 2505 1193 2559 no·¹

98 2574 102 2716 s
141 2606 225 2661 vum
239 2580 510 2665 Testamentum
527 2577 672 2670 proprie
692 2577 951 2671 pertinentem,
967 2598 1045 2668 qnae
1064 2580 1100 2652 in
1117 2574 1192 2661 om.

99 2738 103 2785 ι
140 2688 243 2761 nibus
259 2680 311 2756 est
328 2676 538 2771 Scripturis,
553 2675 634 2747 luce
652 2676 871 2771 cognitionis
891 2678 1090 2754 illustravit.
1116 2680 1191 2757 Ne.

100 2790 106 2867 l
142 2776 239 2860 celse*
254 2796 378 2863 autem
398 2768 563 2867 erlend
586 2775 684 2866 quod
710 2774 905 2868 efficiebat,
938 2794 979 2851 ut
1002 2780 1041 2851 ln
1067 2777 1191 2857 Testa·

101 2904 104 2911 ·
140 2874 408 2961 mento'veteri
431 2887 616 2969 putaretur
639 2872 874 2973 Euangelium
897 2876 987 2967 eise,
1013 2881 1195 2977 precipue

101 2978 108 3133 Ι
140 2982 373 3079 Evangernn
393 2976 571 3069 appellari.
882 3030 884 3035 .
1188 3024 1193 3035 .

211 3106 248 3181 9.
275 3081 444 3171 Attamen
461 3095 536 3148 non
553 3074 787 3170 ignorandum
805 3076 910 3150 nobis
928 3074 978 3149 est
995 3072 1121 3151 Christi
1135 3080 1193 3163 ad..

102 3196 105 3209 '
141 3199 315 3271 ventum,
340 3195 528 3266 antequam
553 3194 709 3269 corpore
739 3179 781 3251 ad
805 3193 917 3251 terras
942 3174 1193 3283 descenderet⁸

104 3286 109 3374 i
143 3278 398 3379 intelligibilem
413 3276 527 3352 multo
544 3289 628 3348 ante
645 3276 772 3352 latium
789 3272 889 3352 fuisse
905 3274 1194 3371 perfeilioribns.

105 3400 112 3415 “
144 3384 358 3470 minimeque
376 3374 555 3469 parvulis,
583 3378 713 3469 quippe
731 3381 789 3468 qui
806 3400 824 3450 a
840 3377 1115 3471 pedagogorum
1134 3400 1194 3451 cu.

145 3496 375 3568 ratorumque
397 3492 503 3562 cura,
529 3479 696 3549 ac-tutela
710 3478 818 3551 ¹liberi
838 3474 969 3567 essent,
997 3476 1046 3546 ob
1063 3481 1194 3556 oculor

143 3584 314 3657 lubenter
338 3570 594 3668 plenitudinem
626 3596 702 3649 eam
727 3577 932 3671 temporie,
969 3594 1046 3664 que
1070 3594 1194 3667 mente

145 3681 378 3763 cernebatur3
403 3686 444 3744 ut
468 3688 571 3747 erant
593 3676 641 3747 illi
665 3672 900 3767 Patriarchae,
926 3676 960 3748 dt
986 3672 1109 3748 Moses
1133 3680 1194 3757 illc

111 3770 115 3791 ¹
145 3790 259 3855 tantur
276 3772 425 3861 servus,
451 3790 492 3844 ac
507 3774 632 3865 reliqui
652 3770 863 3870 Prophetae,
890 3776 949 3867 qui
972 3770 1098 3847 Christi
1116 3782 1194 3877 glo÷

114 3964 118 3973 ι
146 3874 222 3955 tiar'n
245 3873 483 3965 contemplati
508 3871 595 3946 sunt.
647 3869 825 3947 Ceterum
852 3888 893 3944 ιιι
917 3885 1001 3947 ante
1024 3874 1196 3965 conponi

113 4014 118 4073 t
145 3978 209 4059 len·
223 3978 255 4057 u
270 3969 494 4054 manifestum
515 3974 707 4061 adventura
731 3975 772 4048 ad
788 3970 964 4067 perfectos
985 3973 1199 4070 advenerat„

1110 4074 1167 4153 ste
