<?xml version="1.0" encoding="UTF-8"?>
<!DOCTYPE html PUBLIC "-//W3C//DTD XHTML 1.0 Transitional//EN"
    "http://www.w3.org/TR/xhtml1/DTD/xhtml1-transitional.dtd">
<html xmlns="http://www.w3.org/1999/xhtml" xml:lang="en" lang="en">
 <head>
  <title>
</title>
<meta http-equiv="Content-Type" content="text/html;charset=utf-8" />
  <meta name='ocr-system' content='tesseract 3.04.00' />
  <meta name='ocr-capabilities' content='ocr_page ocr_carea ocr_par ocr_line ocrx_word'/>
</head>
<body>
  <div class='ocr_page' id='page_1' title='image "./operaomniasanct07unkngoog_0199.png"; bbox 0 0 2817 4575; ppageno 0'>
   <div class='ocr_carea' id='block_1_1' title="bbox 154 225 1194 418">
    <p class='ocr_par' dir='ltr' id='par_1_1' title="bbox 154 225 1194 418">
     <span class='ocr_line' id='line_1_1' title="bbox 154 225 1194 418; baseline 0.007 -38"><span class='ocrx_word' id='word_1_1' title='bbox 154 237 158 244; x_wconf 37' lang='lat'><strong>¹</strong></span> <span class='ocrx_word' id='word_1_2' title='bbox 304 225 1042 418; x_wconf 34' lang='grc' dir='ltr'>ιιη”ὲ]οΑΝΝ]εικαἰὀΜυεῑιιΙ</span> <span class='ocrx_word' id='word_1_3' title='bbox 1124 295 1194 406; x_wconf 63' lang='grc' dir='ltr'>ιε,</span> 
     </span>
    </p>
   </div>
   <div class='ocr_carea' id='block_1_2' title="bbox 130 447 1192 648">
    <p class='ocr_par' dir='ltr' id='par_1_2' title="bbox 130 447 1192 648">
     <span class='ocr_line' id='line_1_2' title="bbox 130 447 1192 648; baseline 0.005 -104"><span class='ocrx_word' id='word_1_4' title='bbox 130 471 236 648; x_wconf 50' lang='lat' dir='ltr'>ffrtei</span> <span class='ocrx_word' id='word_1_5' title='bbox 252 465 367 560; x_wconf 82' lang='lat' dir='ltr'>silius,</span> <span class='ocrx_word' id='word_1_6' title='bbox 394 470 475 560; x_wconf 91' lang='lat' dir='ltr'>quia</span> <span class='ocrx_word' id='word_1_7' title='bbox 493 447 661 562; x_wconf 81' lang='lat' dir='ltr'>sapientia</span> <span class='ocrx_word' id='word_1_8' title='bbox 681 465 752 540; x_wconf 92' lang='lat' dir='ltr'>Dei</span> <span class='ocrx_word' id='word_1_9' title='bbox 771 485 815 540; x_wconf 84' lang='lat' dir='ltr'>ex</span> <span class='ocrx_word' id='word_1_10' title='bbox 830 467 1015 559; x_wconf 87' lang='lat' dir='ltr'>profundo</span> <span class='ocrx_word' id='word_1_11' title='bbox 1035 468 1192 550; x_wconf 79' lang='lat' dir='ltr'>scaturit.</span> 
     </span>
    </p>
   </div>
   <div class='ocr_carea' id='block_1_3' title="bbox 128 562 1297 1657">
    <p class='ocr_par' dir='ltr' id='par_1_3' title="bbox 128 562 1297 1657">
     <span class='ocr_line' id='line_1_3' title="bbox 171 562 1192 666; baseline 0 -20"><span class='ocrx_word' id='word_1_12' title='bbox 171 592 218 646; x_wconf 90' lang='lat' dir='ltr'>ec</span> <span class='ocrx_word' id='word_1_13' title='bbox 233 571 360 644; x_wconf 88' lang='lat' dir='ltr'>mirum</span> <span class='ocrx_word' id='word_1_14' title='bbox 377 565 458 642; x_wconf 92' lang='lat' dir='ltr'>sane</span> <span class='ocrx_word' id='word_1_15' title='bbox 470 563 521 641; x_wconf 90' lang='lat' dir='ltr'>est</span> <span class='ocrx_word' id='word_1_16' title='bbox 536 582 730 662; x_wconf 90' lang='lat' dir='ltr'>puteorum</span> <span class='ocrx_word' id='word_1_17' title='bbox 747 562 856 640; x_wconf 86' lang='lat' dir='ltr'>filium</span> <span class='ocrx_word' id='word_1_18' title='bbox 875 565 1007 660; x_wconf 76' lang='lat' dir='ltr'>stelle</span> <span class='ocrx_word' id='word_1_19' title='bbox 1023 570 1192 666; x_wconf 77' lang='lat' dir='ltr'>santium,</span> 
     </span>
     <span class='ocr_line' id='line_1_4' title="bbox 132 661 1196 762; baseline 0.002 -20"><span class='ocrx_word' id='word_1_20' title='bbox 132 671 195 762; x_wconf 86' lang='lat' dir='ltr'>qui</span> <span class='ocrx_word' id='word_1_21' title='bbox 214 691 260 743; x_wconf 86' lang='lat' dir='ltr'>ex</span> <span class='ocrx_word' id='word_1_22' title='bbox 279 667 422 741; x_wconf 88' lang='lat' dir='ltr'>strenue</span> <span class='ocrx_word' id='word_1_23' title='bbox 437 666 537 740; x_wconf 78' lang='lat' dir='ltr'>fartis</span> <span class='ocrx_word' id='word_1_24' title='bbox 556 666 764 759; x_wconf 81' lang='lat' dir='ltr'>frequenter</span> <span class='ocrx_word' id='word_1_25' title='bbox 781 661 872 740; x_wconf 88' lang='lat' dir='ltr'>filius</span> <span class='ocrx_word' id='word_1_26' title='bbox 891 671 1115 743; x_wconf 89' lang='lat' dir='ltr'>nominatur:</span> <span class='ocrx_word' id='word_1_27' title='bbox 1141 671 1196 758; x_wconf 64' lang='lat' dir='ltr'>id·.‚</span> 
     </span>
     <span class='ocr_line' id='line_1_5' title="bbox 130 766 1193 862; baseline 0.002 -20"><span class='ocrx_word' id='word_1_28' title='bbox 130 775 234 842; x_wconf 88' lang='lat' dir='ltr'>circo</span> <span class='ocrx_word' id='word_1_29' title='bbox 259 767 399 862; x_wconf 89' lang='lat' dir='ltr'>quidem</span> <span class='ocrx_word' id='word_1_30' title='bbox 420 769 500 859; x_wconf 90' lang='lat' dir='ltr'>quia</span> <span class='ocrx_word' id='word_1_31' title='bbox 527 766 671 841; x_wconf 88' lang='lat' dir='ltr'>luceant</span> <span class='ocrx_word' id='word_1_32' title='bbox 692 786 804 858; x_wconf 91' lang='lat' dir='ltr'>opera</span> <span class='ocrx_word' id='word_1_33' title='bbox 830 768 1053 858; x_wconf 83' lang='lat' dir='ltr'>ejus&#39;eoram</span> <span class='ocrx_word' id='word_1_34' title='bbox 1077 767 1193 846; x_wconf 91' lang='lat' dir='ltr'>homi·</span> 
     </span>
     <span class='ocr_line' id='line_1_6' title="bbox 128 861 1192 964; baseline -0.001 -20"><span class='ocrx_word' id='word_1_35' title='bbox 128 872 259 958; x_wconf 85' lang='lat' dir='ltr'>nibus,</span> <span class='ocrx_word' id='word_1_36' title='bbox 285 861 377 940; x_wconf 84' lang='lat' dir='ltr'>filius</span> <span class='ocrx_word' id='word_1_37' title='bbox 393 868 481 939; x_wconf 89' lang='lat' dir='ltr'>lucis</span> <span class='ocrx_word' id='word_1_38' title='bbox 500 883 748 960; x_wconf 88' lang='lat' dir='ltr'>nuncupatus.;</span> <span class='ocrx_word' id='word_1_39' title='bbox 776 867 963 956; x_wconf 76' lang='lat' dir='ltr'>quievero</span> <span class='ocrx_word' id='word_1_40' title='bbox 982 869 1110 942; x_wconf 91' lang='lat' dir='ltr'>habeat</span> <span class='ocrx_word' id='word_1_41' title='bbox 1132 891 1192 964; x_wconf 90' lang='lat' dir='ltr'>pa·</span> 
     </span>
     <span class='ocr_line' id='line_1_7' title="bbox 132 956 1191 1060; baseline 0 -18"><span class='ocrx_word' id='word_1_42' title='bbox 132 990 213 1042; x_wconf 89' lang='lat' dir='ltr'>cem</span> <span class='ocrx_word' id='word_1_43' title='bbox 224 962 321 1056; x_wconf 87' lang='lat' dir='ltr'>Dei,</span> <span class='ocrx_word' id='word_1_44' title='bbox 347 963 616 1060; x_wconf 84' lang='lat' dir='ltr'>exsuperantem</span> <span class='ocrx_word' id='word_1_45' title='bbox 634 986 778 1040; x_wconf 88' lang='lat' dir='ltr'>omnem</span> <span class='ocrx_word' id='word_1_46' title='bbox 796 956 1079 1060; x_wconf 69' lang='lat' dir='ltr'>intelligentiam,</span> <span class='ocrx_word' id='word_1_47' title='bbox 1096 965 1191 1044; x_wconf 82' lang='lat' dir='ltr'>silius</span> 
     </span>
     <span class='ocr_line' id='line_1_8' title="bbox 131 1063 1190 1162; baseline 0.002 -22"><span class='ocrx_word' id='word_1_48' title='bbox 131 1068 254 1162; x_wconf 90' lang='lat' dir='ltr'>pacis:</span> <span class='ocrx_word' id='word_1_49' title='bbox 268 1080 376 1156; x_wconf 91' lang='lat' dir='ltr'>atque</span> <span class='ocrx_word' id='word_1_50' title='bbox 394 1068 499 1138; x_wconf 90' lang='lat' dir='ltr'>etiam</span> <span class='ocrx_word' id='word_1_51' title='bbox 516 1079 667 1160; x_wconf 87' lang='lat' dir='ltr'>propter</span> <span class='ocrx_word' id='word_1_52' title='bbox 681 1065 856 1157; x_wconf 81' lang='lat' dir='ltr'>sapientiae</span> <span class='ocrx_word' id='word_1_53' title='bbox 874 1067 1078 1159; x_wconf 85' lang='lat' dir='ltr'>utilitatem,</span> <span class='ocrx_word' id='word_1_54' title='bbox 1096 1063 1190 1144; x_wconf 83' lang='lat' dir='ltr'>silius</span> 
     </span>
     <span class='ocr_line' id='line_1_9' title="bbox 132 1163 1190 1262; baseline -0.002 -22"><span class='ocrx_word' id='word_1_55' title='bbox 132 1165 332 1262; x_wconf 80' lang='lat' dir='ltr'>sapientiae:</span> <span class='ocrx_word' id='word_1_56' title='bbox 361 1163 542 1261; x_wconf 68' lang='lat' dir='ltr'>Juslificara</span> <span class='ocrx_word' id='word_1_57' title='bbox 557 1166 596 1262; x_wconf 76' lang='lat' dir='ltr'>est</span> <span class='ocrx_word' id='word_1_58' title='bbox 611 1167 726 1257; x_wconf 85' lang='lat' dir='ltr'>enim,</span> <span class='ocrx_word' id='word_1_59' title='bbox 746 1163 883 1255; x_wconf 88' lang='lat' dir='ltr'>inquit,</span> <span class='ocrx_word' id='word_1_60' title='bbox 895 1163 1056 1261; x_wconf 76' lang='lat' dir='ltr'>sapientia</span> <span class='ocrx_word' id='word_1_61' title='bbox 1073 1196 1092 1238; x_wconf 85' lang='lat' dir='ltr'>a</span> <span class='ocrx_word' id='word_1_62' title='bbox 1106 1171 1190 1255; x_wconf 77' lang='lat' dir='ltr'>filiis</span> 
     </span>
     <span class='ocr_line' id='line_1_10' title="bbox 130 1265 1189 1361; baseline 0.008 -27"><span class='ocrx_word' id='word_1_63' title='bbox 130 1267 207 1356; x_wconf 71' lang='lat' dir='ltr'>suis.</span> <span class='ocrx_word' id='word_1_64' title='bbox 259 1265 368 1339; x_wconf 89' lang='lat' dir='ltr'>Hunc</span> <span class='ocrx_word' id='word_1_65' title='bbox 390 1267 495 1361; x_wconf 83' lang='lat' dir='ltr'>igitur</span> <span class='ocrx_word' id='word_1_66' title='bbox 519 1265 557 1338; x_wconf 91' lang='lat' dir='ltr'>in</span> <span class='ocrx_word' id='word_1_67' title='bbox 575 1267 721 1340; x_wconf 87' lang='lat' dir='ltr'>modum</span> <span class='ocrx_word' id='word_1_68' title='bbox 744 1265 805 1336; x_wconf 91' lang='lat' dir='ltr'>ille</span> <span class='ocrx_word' id='word_1_69' title='bbox 827 1269 955 1358; x_wconf 86' lang='lat' dir='ltr'>etiam,</span> <span class='ocrx_word' id='word_1_70' title='bbox 980 1270 1038 1359; x_wconf 87' lang='lat' dir='ltr'>qui</span> <span class='ocrx_word' id='word_1_71' title='bbox 1061 1266 1189 1342; x_wconf 89' lang='lat' dir='ltr'>divino</span> 
     </span>
     <span class='ocr_line' id='line_1_11' title="bbox 133 1362 1189 1460; baseline 0.003 -22"><span class='ocrx_word' id='word_1_72' title='bbox 133 1365 266 1460; x_wconf 81' lang='lat' dir='ltr'>Spiritu</span> <span class='ocrx_word' id='word_1_73' title='bbox 287 1366 407 1438; x_wconf 89' lang='lat' dir='ltr'>omnia</span> <span class='ocrx_word' id='word_1_74' title='bbox 426 1362 603 1456; x_wconf 79' lang='lat' dir='ltr'>profunda</span> <span class='ocrx_word' id='word_1_75' title='bbox 624 1363 696 1438; x_wconf 91' lang='lat' dir='ltr'>Dei</span> <span class='ocrx_word' id='word_1_76' title='bbox 716 1362 976 1460; x_wconf 86' lang='lat' dir='ltr'>perscrutatur,</span> <span class='ocrx_word' id='word_1_77' title='bbox 1002 1382 1044 1439; x_wconf 91' lang='lat' dir='ltr'>ut</span> <span class='ocrx_word' id='word_1_78' title='bbox 1065 1369 1189 1460; x_wconf 88' lang='lat' dir='ltr'>eloqui</span> 
     </span>
     <span class='ocr_line' id='line_1_12' title="bbox 133 1463 1191 1562; baseline -0.006 -25"><span class='ocrx_word' id='word_1_79' title='bbox 133 1463 256 1562; x_wconf 80' lang='lat' dir='ltr'>poffit:</span> <span class='ocrx_word' id='word_1_80' title='bbox 283 1468 310 1534; x_wconf 88' lang='lat'><em>0</em></span> <span class='ocrx_word' id='word_1_81' title='bbox 323 1465 573 1561; x_wconf 69' lang='lat' dir='ltr'>profunditatem</span> <span class='ocrx_word' id='word_1_82' title='bbox 590 1467 798 1552; x_wconf 82' lang='lat' dir='ltr'>divitiorum,</span> <span class='ocrx_word' id='word_1_83' title='bbox 824 1463 862 1542; x_wconf 69' lang='lat'>(5</span> <span class='ocrx_word' id='word_1_84' title='bbox 877 1465 1060 1562; x_wconf 70' lang='lat' dir='ltr'>sapientire,</span> <span class='ocrx_word' id='word_1_85' title='bbox 1086 1473 1191 1561; x_wconf 80' lang='lat' dir='ltr'>cogni.</span> 
     </span>
     <span class='ocr_line' id='line_1_13' title="bbox 133 1557 1297 1657; baseline 0.005 -22"><span class='ocrx_word' id='word_1_86' title='bbox 133 1571 230 1636; x_wconf 79' lang='lat' dir='ltr'>rimis</span> <span class='ocrx_word' id='word_1_87' title='bbox 256 1567 335 1642; x_wconf 79' lang='lat' dir='ltr'>Dei,</span> <span class='ocrx_word' id='word_1_88' title='bbox 361 1562 480 1655; x_wconf 89' lang='lat' dir='ltr'>potest</span> <span class='ocrx_word' id='word_1_89' title='bbox 499 1557 568 1639; x_wconf 81' lang='lat' dir='ltr'>elle</span> <span class='ocrx_word' id='word_1_90' title='bbox 587 1581 780 1656; x_wconf 87' lang='lat' dir='ltr'>puteorum</span> <span class='ocrx_word' id='word_1_91' title='bbox 797 1561 912 1655; x_wconf 83' lang='lat' dir='ltr'>filius,</span> <span class='ocrx_word' id='word_1_92' title='bbox 940 1567 982 1639; x_wconf 91' lang='lat' dir='ltr'>ad</span> <span class='ocrx_word' id='word_1_93' title='bbox 999 1588 1103 1657; x_wconf 90' lang='lat' dir='ltr'>quem</span> <span class='ocrx_word' id='word_1_94' title='bbox 1122 1566 1191 1641; x_wconf 89' lang='lat' dir='ltr'>ser·</span> <span class='ocrx_word' id='word_1_95' title='bbox 1294 1609 1297 1616; x_wconf 94' lang='lat'>·</span> 
     </span>
    </p>
   </div>
   <div class='ocr_carea' id='block_1_4' title="bbox 133 1661 1307 1742">
    <p class='ocr_par' dir='ltr' id='par_1_4' title="bbox 133 1661 1307 1742">
     <span class='ocr_line' id='line_1_14' title="bbox 133 1661 1307 1742; baseline 0.001 -3"><span class='ocrx_word' id='word_1_96' title='bbox 133 1673 192 1740; x_wconf 85' lang='lat' dir='ltr'>mo</span> <span class='ocrx_word' id='word_1_97' title='bbox 214 1661 279 1736; x_wconf 85' lang='lat' dir='ltr'>liat</span> <span class='ocrx_word' id='word_1_98' title='bbox 298 1663 458 1736; x_wconf 85' lang='lat' dir='ltr'>Domini.</span> <span class='ocrx_word' id='word_1_99' title='bbox 510 1663 569 1737; x_wconf 87' lang='lat' dir='ltr'>Sic</span> <span class='ocrx_word' id='word_1_100' title='bbox 585 1661 700 1738; x_wconf 83' lang='lat' dir='ltr'>sermo</span> <span class='ocrx_word' id='word_1_101' title='bbox 725 1666 831 1736; x_wconf 87' lang='lat' dir='ltr'>etiarn</span> <span class='ocrx_word' id='word_1_102' title='bbox 859 1667 902 1738; x_wconf 94' lang='lat' dir='ltr'>ad</span> <span class='ocrx_word' id='word_1_103' title='bbox 928 1665 1060 1742; x_wconf 84' lang='lat' dir='ltr'>Esaiam</span> <span class='ocrx_word' id='word_1_104' title='bbox 1087 1669 1191 1741; x_wconf 84' lang='lat' dir='ltr'>venit</span> <span class='ocrx_word' id='word_1_105' title='bbox 1299 1725 1307 1740; x_wconf 90' lang='lat'><em>.</em></span> 
     </span>
    </p>
   </div>
   <div class='ocr_carea' id='block_1_5' title="bbox 85 1763 1326 4167">
    <p class='ocr_par' dir='ltr' id='par_1_5' title="bbox 85 1763 1326 4167">
     <span class='ocr_line' id='line_1_15' title="bbox 133 1763 1192 1854; baseline 0.007 -18"><span class='ocrx_word' id='word_1_106' title='bbox 133 1763 292 1854; x_wconf 89' lang='lat' dir='ltr'>docens,</span> <span class='ocrx_word' id='word_1_107' title='bbox 316 1766 454 1853; x_wconf 83' lang='lat' dir='ltr'>quein</span> <span class='ocrx_word' id='word_1_108' title='bbox 480 1765 612 1838; x_wconf 85' lang='lat' dir='ltr'>ultimis</span> <span class='ocrx_word' id='word_1_109' title='bbox 637 1765 762 1836; x_wconf 89' lang='lat' dir='ltr'>diebus</span> <span class='ocrx_word' id='word_1_110' title='bbox 785 1780 962 1838; x_wconf 90' lang='lat' dir='ltr'>eventura</span> <span class='ocrx_word' id='word_1_111' title='bbox 987 1783 1089 1839; x_wconf 89' lang='lat' dir='ltr'>erant</span> <span class='ocrx_word' id='word_1_112' title='bbox 1115 1782 1192 1846; x_wconf 89' lang='lat' dir='ltr'>tum</span> 
     </span>
     <span class='ocr_line' id='line_1_16' title="bbox 134 1861 1194 1960; baseline 0.006 -24"><span class='ocrx_word' id='word_1_113' title='bbox 134 1862 275 1960; x_wconf 82' lang='lat' dir='ltr'>Judaeae,</span> <span class='ocrx_word' id='word_1_114' title='bbox 290 1877 365 1934; x_wconf 90' lang='lat' dir='ltr'>tum</span> <span class='ocrx_word' id='word_1_115' title='bbox 380 1861 591 1956; x_wconf 89' lang='lat' dir='ltr'>Jerusalem:</span> <span class='ocrx_word' id='word_1_116' title='bbox 619 1863 749 1934; x_wconf 91' lang='lat' dir='ltr'>eodem</span> <span class='ocrx_word' id='word_1_117' title='bbox 763 1865 875 1934; x_wconf 88' lang='lat' dir='ltr'>modo</span> <span class='ocrx_word' id='word_1_118' title='bbox 893 1866 925 1936; x_wconf 81' lang='lat' dir='ltr'>dr</span> <span class='ocrx_word' id='word_1_119' title='bbox 944 1867 986 1938; x_wconf 88' lang='lat' dir='ltr'>ad</span> <span class='ocrx_word' id='word_1_120' title='bbox 1000 1867 1194 1958; x_wconf 83' lang='lat' dir='ltr'>Jeremiam</span> 
     </span>
     <span class='ocr_line' id='line_1_17' title="bbox 136 1960 1190 2057; baseline 0.005 -23"><span class='ocrx_word' id='word_1_121' title='bbox 136 1963 256 2036; x_wconf 90' lang='lat' dir='ltr'>divina</span> <span class='ocrx_word' id='word_1_122' title='bbox 285 1962 443 2036; x_wconf 90' lang='lat' dir='ltr'>elatione</span> <span class='ocrx_word' id='word_1_123' title='bbox 466 1963 598 2034; x_wconf 87' lang='lat' dir='ltr'>elatum</span> <span class='ocrx_word' id='word_1_124' title='bbox 633 1960 654 2056; x_wconf 89' lang='lat'>(</span> <span class='ocrx_word' id='word_1_125' title='bbox 664 1984 743 2034; x_wconf 90' lang='lat' dir='ltr'>nam</span> <span class='ocrx_word' id='word_1_126' title='bbox 773 1964 1050 2057; x_wconf 86' lang='lat' dir='ltr'>interpretatur,</span> <span class='ocrx_word' id='word_1_127' title='bbox 1077 1967 1190 2039; x_wconf 85' lang='lat' dir='ltr'>elatio</span> 
     </span>
     <span class='ocr_line' id='line_1_18' title="bbox 136 2059 1191 2160; baseline 0.002 -24"><span class='ocrx_word' id='word_1_128' title='bbox 136 2061 247 2160; x_wconf 80' lang='lat' dir='ltr'>Jro.)</span> <span class='ocrx_word' id='word_1_129' title='bbox 280 2059 351 2134; x_wconf 90' lang='lat' dir='ltr'>Sed</span> <span class='ocrx_word' id='word_1_130' title='bbox 376 2062 419 2133; x_wconf 88' lang='lat' dir='ltr'>ad</span> <span class='ocrx_word' id='word_1_131' title='bbox 443 2063 607 2137; x_wconf 88' lang='lat' dir='ltr'>homines</span> <span class='ocrx_word' id='word_1_132' title='bbox 634 2063 802 2153; x_wconf 87' lang='lat' dir='ltr'>quidem,</span> <span class='ocrx_word' id='word_1_133' title='bbox 835 2064 893 2151; x_wconf 86' lang='lat' dir='ltr'>qui</span> <span class='ocrx_word' id='word_1_134' title='bbox 921 2064 1016 2156; x_wconf 89' lang='lat' dir='ltr'>prius</span> <span class='ocrx_word' id='word_1_135' title='bbox 1040 2081 1191 2154; x_wconf 79' lang='lat' dir='ltr'>capaces</span> 
     </span>
     <span class='ocr_line' id='line_1_19' title="bbox 134 2158 1193 2256; baseline -0.001 -19"><span class='ocrx_word' id='word_1_136' title='bbox 134 2182 206 2237; x_wconf 86' lang='lat' dir='ltr'>uon</span> <span class='ocrx_word' id='word_1_137' title='bbox 223 2174 327 2235; x_wconf 86' lang='lat' dir='ltr'>erant</span> <span class='ocrx_word' id='word_1_138' title='bbox 347 2162 522 2235; x_wconf 86' lang='lat' dir='ltr'>adventus</span> <span class='ocrx_word' id='word_1_139' title='bbox 542 2158 603 2254; x_wconf 86' lang='lat' dir='ltr'>filii</span> <span class='ocrx_word' id='word_1_140' title='bbox 621 2160 712 2249; x_wconf 88' lang='lat' dir='ltr'>Dei,</span> <span class='ocrx_word' id='word_1_141' title='bbox 737 2163 796 2252; x_wconf 89' lang='lat' dir='ltr'>qui</span> <span class='ocrx_word' id='word_1_142' title='bbox 816 2159 867 2234; x_wconf 84' lang='lat' dir='ltr'>est</span> <span class='ocrx_word' id='word_1_143' title='bbox 884 2160 1034 2256; x_wconf 85' lang='lat' dir='ltr'>Sermo,</span> <span class='ocrx_word' id='word_1_144' title='bbox 1062 2162 1102 2236; x_wconf 84' lang='lat' dir='ltr'>sit</span> <span class='ocrx_word' id='word_1_145' title='bbox 1123 2165 1193 2236; x_wconf 88' lang='lat' dir='ltr'>set·</span> 
     </span>
     <span class='ocr_line' id='line_1_20' title="bbox 135 2258 1192 2434; baseline 0 -97"><span class='ocrx_word' id='word_1_146' title='bbox 135 2279 212 2355; x_wconf 86' lang='lat' dir='ltr'>mo;</span> <span class='ocrx_word' id='word_1_147' title='bbox 238 2259 282 2335; x_wconf 89' lang='lat' dir='ltr'>ad</span> <span class='ocrx_word' id='word_1_148' title='bbox 300 2261 417 2335; x_wconf 90' lang='lat' dir='ltr'>Deum</span> <span class='ocrx_word' id='word_1_149' title='bbox 432 2279 524 2335; x_wconf 86' lang='lat' dir='ltr'>vero</span> <span class='ocrx_word' id='word_1_150' title='bbox 542 2258 699 2354; x_wconf 84' lang='lat' dir='ltr'>nonsit,</span> <span class='ocrx_word' id='word_1_151' title='bbox 718 2258 810 2353; x_wconf 82' lang='lat' dir='ltr'>quasi</span> <span class='ocrx_word' id='word_1_152' title='bbox 824 2261 883 2434; x_wconf 47' lang='lat' dir='ltr'>pul</span> <span class='ocrx_word' id='word_1_153' title='bbox 902 2279 1008 2336; x_wconf 89' lang='lat' dir='ltr'>antea</span> <span class='ocrx_word' id='word_1_154' title='bbox 1025 2279 1100 2336; x_wconf 90' lang='lat' dir='ltr'>non</span> <span class='ocrx_word' id='word_1_155' title='bbox 1118 2264 1192 2337; x_wconf 86' lang='lat' dir='ltr'>exi·</span> 
     </span>
     <span class='ocr_line' id='line_1_21' title="bbox 134 2358 1245 2456; baseline -0.002 -17"><span class='ocrx_word' id='word_1_156' title='bbox 134 2364 238 2439; x_wconf 84' lang='lat' dir='ltr'>lieret</span> <span class='ocrx_word' id='word_1_157' title='bbox 256 2363 349 2455; x_wconf 91' lang='lat' dir='ltr'>apud</span> <span class='ocrx_word' id='word_1_158' title='bbox 364 2358 496 2454; x_wconf 89' lang='lat' dir='ltr'>ipsum,</span> <span class='ocrx_word' id='word_1_159' title='bbox 512 2359 570 2435; x_wconf 85' lang='lat' dir='ltr'>sed</span> <span class='ocrx_word' id='word_1_160' title='bbox 590 2383 637 2435; x_wconf 87' lang='lat' dir='ltr'>eo</span> <span class='ocrx_word' id='word_1_161' title='bbox 655 2363 754 2453; x_wconf 85' lang='lat' dir='ltr'>quod</span> <span class='ocrx_word' id='word_1_162' title='bbox 768 2361 810 2434; x_wconf 85' lang='lat' dir='ltr'>fit</span> <span class='ocrx_word' id='word_1_163' title='bbox 839 2378 963 2454; x_wconf 84' lang='lat' dir='ltr'>emper</span> <span class='ocrx_word' id='word_1_164' title='bbox 977 2382 1056 2436; x_wconf 90' lang='lat' dir='ltr'>cum</span> <span class='ocrx_word' id='word_1_165' title='bbox 1074 2366 1191 2456; x_wconf 85' lang='lat' dir='ltr'>Patre,</span> <span class='ocrx_word' id='word_1_166' title='bbox 1243 2452 1245 2456; x_wconf 22' lang='grc' dir='ltr'>Ι</span> 
     </span>
     <span class='ocr_line' id='line_1_22' title="bbox 85 2462 1191 2557; baseline 0.001 -20"><span class='ocrx_word' id='word_1_167' title='bbox 85 2506 87 2525; x_wconf 88' lang='lat'><em>=</em></span> <span class='ocrx_word' id='word_1_168' title='bbox 139 2465 283 2537; x_wconf 75' lang='lat' dir='ltr'>dicitur:</span> <span class='ocrx_word' id='word_1_169' title='bbox 297 2463 366 2532; x_wconf 28' lang='lat' dir='ltr'>,Et</span> <span class='ocrx_word' id='word_1_170' title='bbox 386 2465 494 2531; x_wconf 72' lang='lat' dir='ltr'>Sermo</span> <span class='ocrx_word' id='word_1_171' title='bbox 516 2468 683 2557; x_wconf 81' lang='lat' dir='ltr'>erat-apud</span> <span class='ocrx_word' id='word_1_172' title='bbox 709 2467 835 2554; x_wconf 82' lang='lat' dir='ltr'>Deum,</span> <span class='ocrx_word' id='word_1_173' title='bbox 861 2483 938 2534; x_wconf 80' lang='lat' dir='ltr'>non</span> <span class='ocrx_word' id='word_1_174' title='bbox 962 2465 1056 2537; x_wconf 82' lang='lat' dir='ltr'>enim</span> <span class='ocrx_word' id='word_1_175' title='bbox 1078 2462 1191 2538; x_wconf 57' lang='lat' dir='ltr'>fastus</span> 
     </span>
     <span class='ocr_line' id='line_1_23' title="bbox 85 2558 1192 2653; baseline -0.001 -15"><span class='ocrx_word' id='word_1_176' title='bbox 85 2590 93 2645; x_wconf 83' lang='lat'>;</span> <span class='ocrx_word' id='word_1_177' title='bbox 139 2564 184 2638; x_wconf 88' lang='lat' dir='ltr'>est</span> <span class='ocrx_word' id='word_1_178' title='bbox 201 2560 294 2653; x_wconf 92' lang='lat' dir='ltr'>apud</span> <span class='ocrx_word' id='word_1_179' title='bbox 309 2560 449 2639; x_wconf 79' lang='lat' dir='ltr'>Deum,</span> <span class='ocrx_word' id='word_1_180' title='bbox 465 2558 605 2633; x_wconf 84' lang='lat' dir='ltr'>&amp;idom</span> <span class='ocrx_word' id='word_1_181' title='bbox 622 2564 795 2650; x_wconf 88' lang='lat' dir='ltr'>verbum,</span> <span class='ocrx_word' id='word_1_182' title='bbox 825 2562 931 2652; x_wconf 82' lang='lat' dir='ltr'>Erat,</span> <span class='ocrx_word' id='word_1_183' title='bbox 954 2560 999 2634; x_wconf 92' lang='lat' dir='ltr'>de</span> <span class='ocrx_word' id='word_1_184' title='bbox 1016 2563 1192 2637; x_wconf 86' lang='lat' dir='ltr'>Sermone</span> 
     </span>
     <span class='ocr_line' id='line_1_24' title="bbox 85 2660 1192 2757; baseline 0.003 -25"><span class='ocrx_word' id='word_1_185' title='bbox 85 2690 91 2732; x_wconf 89' lang='grc'>·,</span> <span class='ocrx_word' id='word_1_186' title='bbox 138 2664 366 2757; x_wconf 79' lang='lat' dir='ltr'>predicatur,</span> <span class='ocrx_word' id='word_1_187' title='bbox 394 2661 563 2751; x_wconf 89' lang='lat' dir='ltr'>quoniam</span> <span class='ocrx_word' id='word_1_188' title='bbox 588 2660 627 2733; x_wconf 92' lang='lat' dir='ltr'>in</span> <span class='ocrx_word' id='word_1_189' title='bbox 653 2661 833 2753; x_wconf 86' lang='lat' dir='ltr'>principio</span> <span class='ocrx_word' id='word_1_190' title='bbox 860 2674 936 2732; x_wconf 88' lang='lat' dir='ltr'>erat</span> <span class='ocrx_word' id='word_1_191' title='bbox 958 2663 1192 2755; x_wconf 87' lang='lat' dir='ltr'>etiamtum,</span> 
     </span>
     <span class='ocr_line' id='line_1_25' title="bbox 85 2758 1193 2854; baseline -0.001 -19"><span class='ocrx_word' id='word_1_192' title='bbox 85 2788 95 2835; x_wconf 77' lang='lat' dir='ltr'>i</span> <span class='ocrx_word' id='word_1_193' title='bbox 140 2782 214 2836; x_wconf 89' lang='lat' dir='ltr'>cum</span> <span class='ocrx_word' id='word_1_194' title='bbox 235 2759 330 2854; x_wconf 87' lang='lat' dir='ltr'>apud</span> <span class='ocrx_word' id='word_1_195' title='bbox 353 2758 472 2832; x_wconf 88' lang='lat' dir='ltr'>Deum</span> <span class='ocrx_word' id='word_1_196' title='bbox 489 2774 586 2849; x_wconf 90' lang='lat' dir='ltr'>erat,</span> <span class='ocrx_word' id='word_1_197' title='bbox 613 2780 731 2851; x_wconf 88' lang='lat' dir='ltr'>neque</span> <span class='ocrx_word' id='word_1_198' title='bbox 758 2778 777 2830; x_wconf 89' lang='lat' dir='ltr'>a</span> <span class='ocrx_word' id='word_1_199' title='bbox 798 2760 975 2853; x_wconf 87' lang='lat' dir='ltr'>principio</span> <span class='ocrx_word' id='word_1_200' title='bbox 999 2760 1193 2853; x_wconf 83' lang='lat' dir='ltr'>separatus,</span> 
     </span>
     <span class='ocr_line' id='line_1_26' title="bbox 85 2857 1194 2953; baseline -0.004 -17"><span class='ocrx_word' id='word_1_201' title='bbox 85 2892 94 2935; x_wconf 78' lang='lat' dir='ltr'>i</span> <span class='ocrx_word' id='word_1_202' title='bbox 139 2882 251 2953; x_wconf 89' lang='lat' dir='ltr'>neque</span> <span class='ocrx_word' id='word_1_203' title='bbox 278 2858 418 2933; x_wconf 86' lang='lat' dir='ltr'>Patrem</span> <span class='ocrx_word' id='word_1_204' title='bbox 443 2857 626 2932; x_wconf 87' lang='lat' dir='ltr'>deserens:</span> <span class='ocrx_word' id='word_1_205' title='bbox 653 2860 686 2932; x_wconf 77' lang='grc' dir='ltr'>δι</span> <span class='ocrx_word' id='word_1_206' title='bbox 710 2858 826 2931; x_wconf 86' lang='lat' dir='ltr'>rursus</span> <span class='ocrx_word' id='word_1_207' title='bbox 850 2880 969 2952; x_wconf 90' lang='lat' dir='ltr'>neque</span> <span class='ocrx_word' id='word_1_208' title='bbox 996 2882 1066 2949; x_wconf 88' lang='lat' dir='ltr'>eo,</span> <span class='ocrx_word' id='word_1_209' title='bbox 1094 2859 1194 2950; x_wconf 85' lang='lat' dir='ltr'>quod</span> 
     </span>
     <span class='ocr_line' id='line_1_27' title="bbox 85 2956 1229 3053; baseline -0.003 -18"><span class='ocrx_word' id='word_1_210' title='bbox 85 3010 95 3025; x_wconf 88' lang='lat'>-</span> <span class='ocrx_word' id='word_1_211' title='bbox 140 2978 211 3035; x_wconf 90' lang='lat' dir='ltr'>uon</span> <span class='ocrx_word' id='word_1_212' title='bbox 230 2956 275 3034; x_wconf 86' lang='lat' dir='ltr'>lit</span> <span class='ocrx_word' id='word_1_213' title='bbox 298 2960 335 3031; x_wconf 88' lang='lat' dir='ltr'>in</span> <span class='ocrx_word' id='word_1_214' title='bbox 353 2960 530 3053; x_wconf 88' lang='lat' dir='ltr'>principio</span> <span class='ocrx_word' id='word_1_215' title='bbox 549 2957 683 3050; x_wconf 72' lang='lat' dir='ltr'>satius,</span> <span class='ocrx_word' id='word_1_216' title='bbox 709 2964 746 3030; x_wconf 85' lang='lat' dir='ltr'>in</span> <span class='ocrx_word' id='word_1_217' title='bbox 764 2961 965 3051; x_wconf 84' lang='lat' dir='ltr'>principio,</span> <span class='ocrx_word' id='word_1_218' title='bbox 989 2978 1108 3049; x_wconf 84' lang='lat' dir='ltr'>neque</span> <span class='ocrx_word' id='word_1_219' title='bbox 1129 2980 1193 3053; x_wconf 88' lang='lat' dir='ltr'>eo,</span> <span class='ocrx_word' id='word_1_220' title='bbox 1227 2994 1229 2999; x_wconf 95' lang='lat'>·</span> 
     </span>
     <span class='ocr_line' id='line_1_28' title="bbox 85 3056 1194 3153; baseline 0.005 -27"><span class='ocrx_word' id='word_1_221' title='bbox 85 3107 99 3126; x_wconf 94' lang='lat'>.</span> <span class='ocrx_word' id='word_1_222' title='bbox 141 3061 232 3153; x_wconf 82' lang='lat' dir='ltr'>quod</span> <span class='ocrx_word' id='word_1_223' title='bbox 247 3076 323 3133; x_wconf 86' lang='lat' dir='ltr'>raon</span> <span class='ocrx_word' id='word_1_224' title='bbox 339 3059 379 3131; x_wconf 91' lang='lat' dir='ltr'>srt</span> <span class='ocrx_word' id='word_1_225' title='bbox 394 3059 487 3151; x_wconf 87' lang='lat' dir='ltr'>apud</span> <span class='ocrx_word' id='word_1_226' title='bbox 506 3058 637 3138; x_wconf 87' lang='lat' dir='ltr'>Deum,</span> <span class='ocrx_word' id='word_1_227' title='bbox 664 3056 776 3130; x_wconf 79' lang='lat' dir='ltr'>satius</span> <span class='ocrx_word' id='word_1_228' title='bbox 792 3074 833 3128; x_wconf 89' lang='lat' dir='ltr'>ut</span> <span class='ocrx_word' id='word_1_229' title='bbox 850 3057 936 3131; x_wconf 85' lang='lat' dir='ltr'>esset</span> <span class='ocrx_word' id='word_1_230' title='bbox 951 3059 1043 3151; x_wconf 90' lang='lat' dir='ltr'>apud</span> <span class='ocrx_word' id='word_1_231' title='bbox 1063 3060 1194 3132; x_wconf 80' lang='lat' dir='ltr'>Deum:</span> 
     </span>
     <span class='ocr_line' id='line_1_29' title="bbox 85 3157 1196 3251; baseline -0.001 -18"><span class='ocrx_word' id='word_1_232' title='bbox 85 3206 102 3233; x_wconf 51' lang='grc' dir='ltr'><strong>μ</strong></span> <span class='ocrx_word' id='word_1_233' title='bbox 142 3176 218 3235; x_wconf 79' lang='lat' dir='ltr'>unte</span> <span class='ocrx_word' id='word_1_234' title='bbox 235 3178 345 3233; x_wconf 89' lang='lat' dir='ltr'>omne</span> <span class='ocrx_word' id='word_1_235' title='bbox 363 3161 458 3232; x_wconf 90' lang='lat' dir='ltr'>enim</span> <span class='ocrx_word' id='word_1_236' title='bbox 470 3173 632 3251; x_wconf 86' lang='lat' dir='ltr'>tempus,</span> <span class='ocrx_word' id='word_1_237' title='bbox 650 3159 685 3229; x_wconf 80' lang='lat' dir='ltr'>dr</span> <span class='ocrx_word' id='word_1_238' title='bbox 698 3157 883 3241; x_wconf 86' lang='lat' dir='ltr'>saeculum,</span> <span class='ocrx_word' id='word_1_239' title='bbox 904 3166 940 3228; x_wconf 80' lang='lat' dir='ltr'>in</span> <span class='ocrx_word' id='word_1_240' title='bbox 956 3165 1196 3251; x_wconf 70' lang='lat' dir='ltr'>principiorum</span> 
     </span>
     <span class='ocr_line' id='line_1_30' title="bbox 92 3256 1198 3353; baseline -0.002 -20"><span class='ocrx_word' id='word_1_241' title='bbox 92 3260 100 3281; x_wconf 85' lang='lat'><strong>¹</strong></span> <span class='ocrx_word' id='word_1_242' title='bbox 143 3266 263 3347; x_wconf 79' lang='lat' dir='ltr'>Sermo,</span> <span class='ocrx_word' id='word_1_243' title='bbox 289 3262 329 3334; x_wconf 62' lang='grc' dir='ltr'>θ</span> <span class='ocrx_word' id='word_1_244' title='bbox 346 3256 454 3330; x_wconf 80' lang='lat' dir='ltr'>Sermo</span> <span class='ocrx_word' id='word_1_245' title='bbox 469 3273 539 3329; x_wconf 80' lang='lat' dir='ltr'>erut</span> <span class='ocrx_word' id='word_1_246' title='bbox 554 3256 637 3353; x_wconf 78' lang='lat' dir='ltr'>opud</span> <span class='ocrx_word' id='word_1_247' title='bbox 666 3264 776 3329; x_wconf 81' lang='lat' dir='ltr'>Deum.</span> <span class='ocrx_word' id='word_1_248' title='bbox 828 3256 1010 3353; x_wconf 82' lang='lat' dir='ltr'>Quoniam</span> <span class='ocrx_word' id='word_1_249' title='bbox 1029 3260 1136 3353; x_wconf 84' lang='lat' dir='ltr'>igitur</span> <span class='ocrx_word' id='word_1_250' title='bbox 1154 3271 1198 3331; x_wconf 85' lang='lat' dir='ltr'>ut</span> 
     </span>
     <span class='ocr_line' id='line_1_31' title="bbox 85 3357 1196 3437; baseline -0.005 -4"><span class='ocrx_word' id='word_1_251' title='bbox 85 3394 104 3426; x_wconf 63' lang='lat' dir='ltr'>a</span> <span class='ocrx_word' id='word_1_252' title='bbox 141 3358 376 3437; x_wconf 79' lang='lat' dir='ltr'>inveniremus</span> <span class='ocrx_word' id='word_1_253' title='bbox 393 3357 527 3431; x_wconf 90' lang='lat' dir='ltr'>sensum</span> <span class='ocrx_word' id='word_1_254' title='bbox 549 3360 747 3431; x_wconf 79' lang='lat' dir='ltr'>uerborum</span> <span class='ocrx_word' id='word_1_255' title='bbox 763 3357 906 3432; x_wconf 88' lang='lat' dir='ltr'>illorum</span> <span class='ocrx_word' id='word_1_256' title='bbox 918 3381 938 3430; x_wconf 79' lang='lat' dir='ltr'>a·</span> <span class='ocrx_word' id='word_1_257' title='bbox 957 3363 1002 3430; x_wconf 81' lang='lat' dir='ltr'>Er</span> <span class='ocrx_word' id='word_1_258' title='bbox 1021 3363 1127 3429; x_wconf 79' lang='lat' dir='ltr'>Sermo</span> <span class='ocrx_word' id='word_1_259' title='bbox 1144 3359 1196 3427; x_wconf 77' lang='lat' dir='ltr'>ise</span> 
     </span>
     <span class='ocr_line' id='line_1_32' title="bbox 85 3456 1196 3557; baseline -0.007 -22"><span class='ocrx_word' id='word_1_260' title='bbox 85 3490 104 3535; x_wconf 77' lang='lat' dir='ltr'>a</span> <span class='ocrx_word' id='word_1_261' title='bbox 143 3462 303 3557; x_wconf 67' lang='lat' dir='ltr'>eraeapud</span> <span class='ocrx_word' id='word_1_262' title='bbox 320 3463 447 3550; x_wconf 78' lang='lat' dir='ltr'>Deum,</span> <span class='ocrx_word' id='word_1_263' title='bbox 474 3456 701 3552; x_wconf 89' lang='lat' dir='ltr'>apposuimus</span> <span class='ocrx_word' id='word_1_264' title='bbox 721 3460 833 3530; x_wconf 86' lang='lat' dir='ltr'>verba</span> <span class='ocrx_word' id='word_1_265' title='bbox 848 3459 1084 3551; x_wconf 85' lang='lat' dir='ltr'>prophetica,</span> <span class='ocrx_word' id='word_1_266' title='bbox 1105 3476 1196 3546; x_wconf 85' lang='lat' dir='ltr'>quo·</span> 
     </span>
     <span class='ocr_line' id='line_1_33' title="bbox 85 3550 1198 3651; baseline -0.01 -13"><span class='ocrx_word' id='word_1_267' title='bbox 85 3594 106 3643; x_wconf 77' lang='lat' dir='ltr'>l,</span> <span class='ocrx_word' id='word_1_268' title='bbox 142 3562 247 3637; x_wconf 88' lang='lat' dir='ltr'>modo</span> <span class='ocrx_word' id='word_1_269' title='bbox 267 3557 379 3633; x_wconf 72' lang='lat' dir='ltr'>satius</span> <span class='ocrx_word' id='word_1_270' title='bbox 400 3556 441 3631; x_wconf 88' lang='lat' dir='ltr'>srt</span> <span class='ocrx_word' id='word_1_271' title='bbox 463 3556 592 3631; x_wconf 85' lang='lat' dir='ltr'>Sermo</span> <span class='ocrx_word' id='word_1_272' title='bbox 610 3557 654 3630; x_wconf 93' lang='lat' dir='ltr'>ad</span> <span class='ocrx_word' id='word_1_273' title='bbox 672 3554 818 3641; x_wconf 80' lang='lat' dir='ltr'>oseam,</span> <span class='ocrx_word' id='word_1_274' title='bbox 845 3557 878 3629; x_wconf 77' lang='lat' dir='ltr'>u</span> <span class='ocrx_word' id='word_1_275' title='bbox 900 3550 1059 3648; x_wconf 83' lang='lat' dir='ltr'>Esaiam,</span> <span class='ocrx_word' id='word_1_276' title='bbox 1087 3556 1198 3651; x_wconf 79' lang='lat' dir='ltr'>&amp;Je-</span> 
     </span>
     <span class='ocr_line' id='line_1_34' title="bbox 85 3648 1196 3755; baseline -0.007 -20"><span class='ocrx_word' id='word_1_277' title='bbox 85 3692 106 3735; x_wconf 81' lang='lat' dir='ltr'>t·</span> <span class='ocrx_word' id='word_1_278' title='bbox 144 3661 305 3755; x_wconf 79' lang='lat' dir='ltr'>remiaml,</span> <span class='ocrx_word' id='word_1_279' title='bbox 332 3654 671 3749; x_wconf 82' lang='lat' dir='ltr'>observavimusqne</span> <span class='ocrx_word' id='word_1_280' title='bbox 688 3672 765 3729; x_wconf 88' lang='lat' dir='ltr'>non</span> <span class='ocrx_word' id='word_1_281' title='bbox 783 3670 907 3749; x_wconf 85' lang='lat' dir='ltr'>pamm</span> <span class='ocrx_word' id='word_1_282' title='bbox 923 3648 1082 3746; x_wconf 81' lang='lat' dir='ltr'>differre,</span> <span class='ocrx_word' id='word_1_283' title='bbox 1102 3660 1196 3745; x_wconf 72' lang='lat' dir='ltr'>mir,</span> 
     </span>
     <span class='ocr_line' id='line_1_35' title="bbox 85 3754 1197 3853; baseline -0.005 -20"><span class='ocrx_word' id='word_1_284' title='bbox 85 3794 107 3841; x_wconf 65' lang='lat' dir='ltr'>t.</span> <span class='ocrx_word' id='word_1_285' title='bbox 146 3758 311 3835; x_wconf 72' lang='lat' dir='ltr'>omum</span> <span class='ocrx_word' id='word_1_286' title='bbox 330 3758 371 3853; x_wconf 81' lang='lat' dir='ltr'>efi</span> <span class='ocrx_word' id='word_1_287' title='bbox 388 3778 407 3828; x_wconf 93' lang='lat' dir='ltr'>a</span> <span class='ocrx_word' id='word_1_288' title='bbox 426 3760 567 3849; x_wconf 81' lang='lat' dir='ltr'>verbo,</span> <span class='ocrx_word' id='word_1_289' title='bbox 598 3760 704 3849; x_wconf 80' lang='lat' dir='ltr'>Erat,</span> <span class='ocrx_word' id='word_1_290' title='bbox 731 3757 921 3849; x_wconf 83' lang='lat' dir='ltr'>addemus,</span> <span class='ocrx_word' id='word_1_291' title='bbox 948 3758 1031 3828; x_wconf 88' lang='lat' dir='ltr'>dum</span> <span class='ocrx_word' id='word_1_292' title='bbox 1049 3757 1092 3831; x_wconf 80' lang='lat' dir='ltr'>ed</span> <span class='ocrx_word' id='word_1_293' title='bbox 1113 3754 1197 3828; x_wconf 77' lang='lat' dir='ltr'>Pro·</span> 
     </span>
     <span class='ocr_line' id='line_1_36' title="bbox 85 3851 1199 3955; baseline -0.007 -17"><span class='ocrx_word' id='word_1_294' title='bbox 85 3892 110 3937; x_wconf 81' lang='lat' dir='ltr'>r·</span> <span class='ocrx_word' id='word_1_295' title='bbox 145 3860 265 3955; x_wconf 78' lang='lat' dir='ltr'>phetas</span> <span class='ocrx_word' id='word_1_296' title='bbox 282 3856 399 3933; x_wconf 90' lang='lat' dir='ltr'>sermo</span> <span class='ocrx_word' id='word_1_297' title='bbox 413 3852 474 3946; x_wconf 81' lang='lat' dir='ltr'>fit,</span> <span class='ocrx_word' id='word_1_298' title='bbox 488 3851 698 3931; x_wconf 86' lang='lat' dir='ltr'>Sermonem</span> <span class='ocrx_word' id='word_1_299' title='bbox 718 3858 912 3949; x_wconf 81' lang='lat' dir='ltr'>Prophetae</span> <span class='ocrx_word' id='word_1_300' title='bbox 930 3855 1102 3949; x_wconf 69' lang='lat' dir='ltr'>illustrare</span> <span class='ocrx_word' id='word_1_301' title='bbox 1116 3858 1199 3931; x_wconf 84' lang='lat' dir='ltr'>luca</span> 
     </span>
     <span class='ocr_line' id='line_1_37' title="bbox 85 3954 1208 4059; baseline -0.02 -11"><span class='ocrx_word' id='word_1_302' title='bbox 85 3986 111 4048; x_wconf 68' lang='lat' dir='ltr'>as</span> <span class='ocrx_word' id='word_1_303' title='bbox 148 3958 383 4059; x_wconf 55' lang='lat' dir='ltr'>”seidonim</span> <span class='ocrx_word' id='word_1_304' title='bbox 398 3954 586 4041; x_wconf 60' lang='lat' dir='ltr'>&amp;cientem</span> <span class='ocrx_word' id='word_1_305' title='bbox 598 3972 871 4057; x_wconf 52' lang='lat' dir='ltr'>eos,‚tanquam</span> <span class='ocrx_word' id='word_1_306' title='bbox 884 3975 1005 4033; x_wconf 88' lang='lat' dir='ltr'>coram</span> <span class='ocrx_word' id='word_1_307' title='bbox 1017 3955 1208 4049; x_wconf 82' lang='lat' dir='ltr'>videntes,</span> 
     </span>
     <span class='ocr_line' id='line_1_38' title="bbox 192 4046 1326 4167; baseline -0.013 -30"><span class='ocrx_word' id='word_1_308' title='bbox 192 4051 446 4167; x_wconf 60' lang='lat' dir='ltr'>darentasia.</span> <span class='ocrx_word' id='word_1_309' title='bbox 462 4052 566 4135; x_wconf 78' lang='lat' dir='ltr'>xiil.</span> <span class='ocrx_word' id='word_1_310' title='bbox 826 4046 849 4133; x_wconf 83' lang='lat' dir='ltr'>l</span> <span class='ocrx_word' id='word_1_311' title='bbox 944 4054 950 4065; x_wconf 82' lang='lat'>&#39;</span> <span class='ocrx_word' id='word_1_312' title='bbox 1125 4070 1178 4125; x_wconf 76' lang='lat' dir='ltr'>eu</span> <span class='ocrx_word' id='word_1_313' title='bbox 1320 4060 1326 4069; x_wconf 72' lang='grc'><strong>“</strong></span> 
     </span>
    </p>
   </div>
   <div class='ocr_carea' id='block_1_6' title="bbox 0 0 1421 4575">
    <p class='ocr_par' dir='ltr' id='par_1_6' title="bbox 0 0 1421 4575">
     <span class='ocr_line' id='line_1_39' title="bbox 0 0 1421 4575; baseline 0 0"><span class='ocrx_word' id='word_1_314' title='bbox 0 0 1421 4575; x_wconf 95' lang='lat' dir='ltr'> </span> 
     </span>
    </p>
   </div>
  </div>
 </body>
</html>
