2817 4575
189 409 200 417 ·
294 385 697 489 IN'JOANNEM
735 386 939 464 Torius
977 387 1027 468 11.
1115 413 1184 490 ²33

122 553 321 645 Sermone,
345 553 410 625 vel
428 551 473 625 de
490 550 694 645 principio,
721 550 781 623 ves
809 551 854 624 de
875 519 1097 646 quacumque
1119 556 1187 631 alia
1265 523 1269 534 „

123 651 413 726 consideratione
433 649 589 724 Christis
630 649 786 724 Proinde
807 651 1012 744 considera,
1039 674 1188 747 anquo·
1287 719 1289 724 .

122 755 218 828 niam
232 753 382 848 populus,
408 758 464 848 qui
475 753 596 841 sedda!
610 759 647 825 in
663 752 822 842 tenebris,
841 751 973 825 viderit
993 755 1088 825 iucem
1104 780 1188 852 mag.

124 878 223 939 nam,
249 852 282 924 dr
300 853 469 945 quoniam
488 852 547 921 iux
563 855 601 920 in
621 853 755 922 rmdrts
772 853 852 922 lucer
872 872 947 924 non
971 853 1188 946 deprehensa

125 960 172 1026 ab
196 951 275 1047 ipsis
300 951 481 1043 tenebris,
506 951 556 1023 illi
584 953 644 1043 qui
670 949 751 1026 sunt
776 952 994 1025 intenebris
1019 951 1190 1050 (nempe
1235 1017 1238 1024 .

123 1050 321 1149 homiues)
349 1052 431 1124 luce
454 1051 648 1146 indigeant.
698 1050 794 1123 Nam
817 1051 841 1126 si
863 1052 924 1123 lux
944 1053 1130 1129 hominum
1152 1060 1191 1131 iu

124 1152 288 1225 tenebris
316 1152 442 1242 lucet,
478 1150 622 1241 quando
651 1153 748 1222 nulla
779 1154 929 1225 omnino
956 1156 1189 1232 ,tenebrarum

127 1250 296 1344 operatio
317 1252 405 1332 erit,
431 1263 517 1322 tunc
537 1251 621 1323 alias
643 1248 773 1322 Christi
791 1250 1094 1327 considerationes
1111 1275 1189 1348 par,-

125 1351 368 1443 ticipabimus,
384 1370 464 1423 cum
480 1353 623 1423 minime
638 1347 726 1442 ipsas
746 1353 894 1444 proprie
910 1371 1020 1443 nunc,
1039 1351 1190 1428 &certo
1254 1361 1257 1368 '

125 1452 393 1545 participemus.
427 1450 522 1524 Nem
541 1451 729 1542 quomodo
746 1453 830 1522 vitae
848 1452 1039 1545 participes
1058 1450 1191 1549 sumus,
1274 1499 1277 1506 ·

126 1551 188 1642 qui
210 1552 325 1623 adhuc
342 1569 501 1644 corpore
521 1549 594 1623 hoc
612 1552 758 1626 mortali
772 1545 1057 1624 circumdamur?
1100 1557 1192 1649 Quo·
1214 1571 1217 1578 ·

126 1675 199 1723 rum
222 1656 296 1720 uita
320 1649 495 1738 abscondita
520 1649 559 1746 ess
584 1675 648 1721 una
674 1675 742 1721 cum
767 1650 891 1746 Christo
909 1656 946 1720 in
968 1648 1058 1724 Deo?
1112 1661 1191 1730 Cum

127 1756 214 1824 enim
233 1750 377 1846 Christus
392 1756 577 1846 apparuerit
595 1755 668 1821 uisa
687 1750 814 1841 nostro,
831 1757 960 1826 tunc&
977 1778 1032 1821 nos
1049 1761 1193 1852 cumipse

128 1852 347 1947 apparebimus
368 1855 405 1921 in
423 1852 538 1943 gioria.
589 1850 717 1923 Homo
738 1870 827 1942 ergo
850 1852 968 1923 nullus
996 1855 1054 1941 qui
1079 1857 1195 1931 venis·
1292 1937 1298 1948 ,

128 1951 203 2042 set,
230 1947 410 2023 testificari
426 1965 573 2042 poterat
592 1952 637 2021 de
655 1953 731 2021 vita
747 1951 939 2023 etiamnum
958 1971 1038 2025 curn
1051 1951 1195 2031 Christo

129 2048 339 2130 abscondita
363 2051 399 2122 in
427 2049 522 2122 Deo.
572 2047 641 2122 Sed
667 2069 785 2139 neque
808 2051 913 2121 venit
936 2049 978 2121 ad
1004 2051 1194 2130 testifican-

131 2152 241 2241 dum,
267 2162 309 2220 ut
330 2147 580 2222 testificaretur
604 2151 648 2222 de
672 2147 855 2221 sermone:
883 2148 1080 2226 sermonem
1106 2174 1196 2231 cou-

128 2250 488 2327 fiderantibusnobis
505 2250 540 2322 in
558 2249 736 2345 principio
755 2249 849 2344 apud
869 2246 1010 2343 Deum,
1028 2251 1060 2325 dr
1078 2254 1197 2335 D'eum

131 2353 350 2427 sermonem:
377 2346 624 2441 superterram
648 2351 743 2422 enim
766 2349 881 2424 sermo
900 2348 1010 2424 satius
1031 2353 1081 2427 est
1097 2376 1197 2433 caro.

131 2451 183 2528 Et
203 2448 323 2527 fuisset
340 2450 580 2525 testimonium
602 2448 1031 2546 (quamvisquibusdam
1057 2457 1198 2533 videre·
1305 2460 1307 2465 ’

132 2565 194 2627 tur
216 2548 286 2623 esse
304 2549 349 2622 de
369 2548 562 2646 sermone)
580 2539 728 2641 proprie
746 2549 935 2623 dicendum
955 2551 1000 2623 de
1018 2553 1196 2651 sermone,
1310 2596 1315 2603 ·

134 2653 196 2745 qui
214 2648 325 2724 sadus
344 2649 396 2723 est
408 2669 508 2738 caro,
524 2669 601 2722 non
620 2662 738 2721 autem
755 2649 799 2720 de
809 2647 973 2724 sermone
985 2651 1069 2744 Dei,
1088 2677 1200 2747 quare

133 2772 211 2829 uon
230 2750 355 2841 venit,
382 2763 423 2823 ut
441 2744 689 2822 testificaretur
708 2749 753 2821 de
770 2747 944 2824 sermone.
996 2755 1200 2845 Quomodo

133 2848 213 2927 fieri
230 2870 321 2923 vero
339 2863 484 2941 poterat
501 2847 741 2925 testimouium
763 2849 808 2922 de
826 2848 994 2941 sapientia
1011 2873 1099 2945 pure
1115 2856 1204 2929 luci·

135 2944 254 3045 deque
273 2968 397 3025 verum
412 2970 489 3024 non
503 2945 789 3044 dispicientibus,
810 2947 944 3023 etiamfi
961 2950 1203 3031 existimarent

135 3051 172 3127 se
195 3047 412 3146 agnoscere,
446 3048 504 3123 sed
528 3051 761 3123 cernentibus
788 3067 851 3141 per
876 3045 1079 3146 speculum,
1107 3055 1208 3133 &in-

137 3147 351 3247 unigmate?
402 3149 560 3222 Proinde
576 3144 765 3242 probabile
782 3147 833 3220 est
849 3146 1029 3244 futurum,
1057 3168 1097 3226 ut
1116 3171 1207 3231 anta:

137 3248 362 3340 secundum,
394 3249 428 3322 &
457 3250 672 3322 diviniorem
700 3245 829 3320 Christi
854 3249 1049 3326 adventum
1079 3242 1226 3333 ,seniat'

133 3352 322 3449 Joanxnes,
348 3364 410 3423 aut
434 3349 528 3422 Elias
547 3349 590 3420 ad
618 3343 877 3423 testificandum
901 3348 947 3423 de
971 3354 1066 3442 vita,
1093 3357 1203 3447 paulo
1256 3413 1260 3420 .

137 3467 329 3542 antequam
358 3448 514 3523 Christus
536 3447 810 3527 manifestandus
833 3447 874 3521 fit
894 3451 970 3521 vita
991 3451 1134 3542 nostra;
1160 3477 1205 3530 ao

138 3568 216 3627 tum
239 3552 285 3623 de
307 3548 471 3623 sermone
495 3546 714 3622 testificaturi
734 3547 817 3634 sint,
844 3546 1088 3642 ostensurique
1111 3553 1228 3635 testi·=
1267 3584 1269 3589 ·

139 3652 303 3731 monium
323 3649 367 3722 de
383 3648 560 3741 sapientia.
594 3648 829 3743 lndagatione
846 3661 964 3723 autem
986 3672 1087 3747 eger,
1108 3676 1153 3728 an
1166 3658 1206 3733 in

139 3770 355 3839 unaquaque
369 3749 655 3823 consideratione
668 3746 712 3820 de
723 3746 865 3820 Christo
882 3746 1087 3826 testificatio
1098 3755 1208 3848 Joan·

141 3857 195 3927 nis
213 3853 255 3926 srt
274 3849 387 3922 veluti
402 3847 611 3941 precursor.
635 3848 723 3920 Haec
741 3848 882 3938 quidem
898 3851 935 3924 in
950 3851 1054 3926 illud:
1076 3860 1206 3927 Hisne.

144 3960 198 4024 nir
216 3953 268 4021 od.
282 3949 532 4044 testificandum
558 3965 595 4020 ur
614 3947 831 4044 testificaretur
852 3951 888 4019 de
905 3951 981 4022 succ.
999 4020 1003 4027 ,
1022 3953 1210 4047 Deinceps

145 4073 235 4123 vero
254 4048 545 4125 considerandum
560 4046 631 4143 est,
657 4050 743 4144 quid
761 4052 1010 4129 commentati
1024 4055 1237 4125 debeamus

143 4152 180 4229 iu
195 4152 301 4227 diod:
334 4152 379 4223 Ut
392 4176 498 4225 omno
515 4153 679 4227 crederent
693 4174 751 4258 prr
772 4155 883 4231 idum.
1142 4148 1206 4221 Eis
