2817 4575
186 317 189 321 ’
323 335 1054 452 ‚tuJonuunnrfnonrns'r.x
1169 377 1214 454 ῃ

164 501 287 591 ctiam
291 515 433 589 ratione
453 533 571 607 neque
596 511 772 606 subsistet,
797 532 915 605 neque
931 515 974 590 fit
997 513 1128 605 Filius'3
1154 518 1217 593 vel

162 615 262 707 quod
283 615 325 691 fit
341 613 555 709 separatum,
579 612 617 685 tr
628 609 850 687 substantiam
866 613 996 688 habent
1011 616 1112 688 Deus
1122 611 1217 689 Ver

161 717 261 790 bum.
312 714 437 805 Itaque
456 713 651 788 dicendum
666 709 717 784 est
740 733 815 785 non
842 710 940 787 secur
965 734 983 786 a
1006 716 1112 788 nobis
1135 710 1216 791 fieri

128 886 130 890 ,
163 816 318 900 debere,
337 831 418 887 cum
434 813 617 885 vocabulo
636 811 749 885 Verbi
766 812 1086 907 illenuneupntur,
1099 825 1216 908 atque

162 914 311 989 facimus
335 910 567 1009 singillatim
557 932 594 983 m
619 911 823 986 nominibus
845 910 1053 1005 predictis,
1063 933 1144 989 curn
1170 933 1216 989 ex

162 1015 388 1106 proprietate
404 1011 560 1085 nominis
578 1012 793 1107 explicamus
807 1012 1075 1106 intelligentiam
1087 1015 1137 1087 rei
1148 1034 1216 1086 noe

164 1113 327 1187 rninetaee
342 1130 494 1202 cumque
510 1122 625 1184 certas
640 1112 802 1184 rationes
819 1109 1024 1204 adaptamus
1046 1111 1094 1184 ad
1090 1114 1218 1227 expli·-

165 1209 320 1284 cendum
346 1211 534 1301 quomodo
556 1207 648 1283 filius
680 1209 751 1294 Dei
778 1210 873 1300 huc,
899 1209 958 1284 vel
979 1210 1044 1282 illo
1067 1216 1217 1287 nomine

165 1322 403 1405 nuncupetur.
433 1311 526 1426 Quae
543 1306 635 1385 enirn
651 1307 715 1382 est
719 1310 794 1399 hec
808 1312 947 1402 privata
961 1307 1108 1385 istorum
1125 1312 1219 1384 elec

167 1412 241 1500 tio,
257 1428 336 1482 nun
345 1404 526 1483 insistere
516 1429 551 1486 tn
566 1408 704 1505 singulis
722 1391 927 1501 quibusque
936 1408 1125 1501 spetlando
1142 1411 1218 1488 vim

166 1508 356 1583 vocabuli.
389 1506 471 1600 sed,
497 1520 538 1579 ut
558 1509 609 1579 ite
634 1508 770 1594 dicam,
803 1528 882 1584 cum
908 1508 1120 1604 quaesrerint·
1130 1529 1219 1601 quo·

165 1609 279 1683 modo
306 1605 459 1698 ostium,
493 1608 682 1699 quomodo
708 1610 842 1698 vitem,
869 1627 1019 1698 quanam
1045 1611 1164 1683 ctiam
1172 1611 1220 1684 dc
1283 1686 1319 1708 Ι,

168 1707 267 1786 causa
285 1708 485 1801 intelligere
502 1707 692 1781 debeamus
715 1726 795 1780 eum
821 1704 890 1779 esse
911 1708 1027 1800 viam,
1052 1709 1145 1782 idern
1163 1707 1221 1782 so·

166 1809 238 1880 lum
267 1826 343 1878 non
370 1804 509 1894 facete,
543 1824 624 1879 cum
646 1804 744 1878 audie
769 1825 850 1879 eum
873 1807 943 1877 dici
968 1808 1005 1880 in
1029 1806 1219 1901 Scripturit
1325 1827 1328 1834 “

169 1904 358 1980 Verbum?
410 1904 463 1978 Ut
488 1924 576 1999 ergo
594 1903 795 1999 diligentius
819 1921 861 1977 tc
883 1906 1109 1979 reverentius
1135 1906 1220 1980 alie

170 2025 316 2094 quemue
336 2024 393 2085 ea,
420 2024 497 2096 quae
512 2002 641 2078 diduri
659 2001 807 2078 sumus
797 2022 908 2091 urea,
935 2006 1066 2094 quade
1088 2008 1219 2099 agitur,

169 2103 430 2197 disputatione,
457 2102 590 2178 scilicet
603 2102 790 2195 quomodo
805 2098 898 2175 filius
913 2101 984 2176 Dei
1002 2102 1139 2176 dicatur
1152 2100 1223 2182 elle

171 2205 353 2296 Verbum,
379 2222 399 2274 a
417 2202 621 2278 nominibus
639 2202 766 2294 ipfiur,
793 2202 910 2276 nobis
907 2204 1123 2296 aprincipio
1139 2223 1224 2297 pro·

171 2304 340 2401 politis,
331 2300 539 2395 rncipiarnus
553 2300 691 2377 nocelle
709 2300 771 2378 est.
822 2300 930 2374 Nec
920 2323 1124 2398 ignoremus
1140 2303 1224 2382 fore
1285 2356 1288 2361 ι
1311 2369 1313 2373 ,

173 2406 329 2495 aliquos,
357 2404 482 2492 quibus
494 2401 674 2583 5&rutundi
692 2400 853 2498 dig-reffio
871 2403 1005 2494 major,
1033 2423 1137 2493 quarn
1153 2424 1224 2498 pro

173 2505 220 2579 tei
243 2502 447 2583 necessitate
471 2524 492 2577 e
521 2523 541 2575 e
568 2498 750 2579 videntur:
776 2514 932 2575 attamen
952 2501 1105 2577 animum
1128 2502 1226 2579 adbi-

174 2603 269 2685 benti
292 2600 367 2693 rei,
394 2619 461 2693 qua
478 2602 523 2674 de
538 2598 672 2697 agitur,
698 2619 774 2676 uon
796 2619 918 2693 perum
937 2603 1024 2673 utile
1037 2601 1147 2675 fuerit
1162 2626 1224 2684 en·

122 2702 125 2813 ÷
175 2703 314 2819 ΡΜ
331 2697 1226 2876 illuitqlllltllllsst⁰¹¹¹¹llltlt⁰lll

178 2816 279 2974 {lgm
293 2819 448 2974 ἓῖἓὶυάε
466 2918 545 2970 cunr
563 2895 668 2973 semei
683 2900 720 2970 in
736 2819 955 2992 theologiam
972 2898 1016 2970 de
1031 2821 1227 2979 Servqetote
1282 2860 1289 2879 ι

177 2998 422 3090 inciderimus,
438 2998 678 3081 invenientes,
694 2996 875 3091 diligentur
889 2997 1067 3090 adhibite,
1089 3018 1165 3103 quc
1180 3002 1228 3079 de

177 3098 236 3177 illo
265 3098 453 3176 feruntur,
478 3090 672 3172 necell'ario
695 3115 772 3170 non
799 3109 936 3171 tanturn
960 3117 1041 3172 eum
1063 3118 1104 3170 ea
1125 3099 1238 3194 perte·

180 3195 493 3276 considerabimus,
510 3217 578 3289 quc
592 3207 697 3294 λογος
715 3192 781 3290 (id
798 3193 848 3268 est
864 3194 1047 3290 Verbum,
1066 3196 1226 3315 duratio)

180 3297 326 3370 dicitur:
352 3294 410 3369 sed
428 3296 532 3368 etiem
549 3295 709 3388 plenius,
736 3293 769 3366 dr
787 3295 951 3388 uberius,
972 3316 1039 3389 pro
1056 3300 1149 3371 virili
1163 3320 1231 3372 no·

154 3394 268 3490 ire,
295 3396 431 3489 reliqua
455 3395 645 3469 vocabula
663 3395 791 3488 quibus
818 3396 1038 3490 appellatur,
1070 3395 1230 3473 tradabi-

179 3515 311 3685 musa
327 3588 417 3665 Cum
434 3611 522 3688 ergo
536 3591 666 3667 dixerit
678 3588 824 3710 seipsum
840 3593 957 3667 lucem
969 3592 1110 3681 mundi;
1123 3596 1231 3674 etiem
1262 3563 1265 3569 Ι

123 3696 362 3797 proxima
390 3689 565 3771 &finilia
585 3691 670 3773 huic
692 3694 801 3787 voci,
828 3713 904 3783 quae
929 3645 1135 3784 quibusdam
1158 3695 1233 3778 for
1304 3782 1310 3787 ,

123 3790 286 3886 telle,
316 3811 392 3863 non
417 3802 554 3864 tantum
576 3789 789 3885 proxima&
809 3789 948 3874 similit,
973 3791 1154 3874 sedetiam
1176 3798 1234 3878 ea'-

131 3882 260 3969 dem
276 3892 496 3965 videbuntur
513 3886 601 3972 elle,
626 3890 915 3967 exanrinablmue
965 3890 1089 3987 Itrque
1104 3893 1166 3966 lux
1182 3886 1235 3994 eil

132 3993 390 4081 lominum,
415 3990 477 4070 lux
504 3988 559 4069 est
578 3992 773 4191 uera,Elu;t
802 3987 854 4069 est
883 3989 1036 4090 denique
1065 3986 1233 4193 853ng
