2817 4575
162 411 219 510 1*
300 361 304 380 ’
349 354 430 479 nv·
451 393 736 520 Jonnuusr
771 345 970 478 somus
1006 399 1034 478 r.
1151 335 1221 480 far

230 585 296 656 37.
325 561 383 639 Ad
399 565 476 638 brec
497 566 653 657 quisquis
670 565 909 652 intellexerit,
936 577 1091 657 quonam
1111 561 1217 657 patio

157 659 261 762 Jesus
284 661 395 738 saslus
420 665 461 738 srs
485 663 659 757 discipulis
684 684 760 736 non
791 679 958 755 tanquam
980 665 1215 753 recumbens,

155 761 217 852 sed
240 777 409 855 tanquam
435 764 655 857 ministrans,
683 766 817 857 quippe
840 764 899 856 qui
924 782 1004 837 cum
1028 760 1120 838 filius
1146 764 1217 843 Dei

155 861 272 954 esset,
295 883 367 956 pro
394 865 581 938 liberandis
614 865 684 956 iis,
722 863 780 960 qui
806 874 961 955 peccato
988 862 1215 957 serviebant,

155 961 309 1038 formam
328 962 419 1039 servi
440 962 641 1059 sumpserim
666 983 742 1037 non
763 962 946 1058 ignorabit
966 964 1152 1056 quomodo
1171 965 1216 1039 ad

154 1060 267 1160 ipsum
289 1065 391 1136 Pater
410 1065 523 1138 dicat:
551 1068 671 1145 Servus
693 1088 776 1134 meus
794 1089 824 1131 er
844 1081 901 1153 ru,
928 1082 970 1135 ac
985 1084 1092 1140 mox:
1116 1065 1215 1159 Mag-

158 1159 399 1257 nefandissi,
428 1166 857 1254 utvocerisservvsmeur.
908 1160 1004 1237 Nam
1029 1164 1135 1236 nobis
1155 1184 1215 1236 au·
1271 1244 1274 1248 ⁴
1326 1207 1332 1220 .

157 1263 313 1364 dendum
337 1262 388 1337 est
410 1264 550 1357 dicere,
575 1266 748 1356 majorem
773 1263 1079 1354 divinioremque,
1106 1277 1215 1353 atque

157 1384 244 1441 vere
268 1361 458 1436 secundum
486 1366 670 1461 imaginem
695 1363 832 1457 Patris,
860 1360 987 1437 Christi
1011 1364 1213 1438 bonitatem

158 1481 329 1558 apparere
341 1459 364 1555 ,'
381 1466 524 1555 quando
549 1465 710 1536 Humilem
721 1464 854 1560 prebuit
865 1461 1077 1559 semetipsum,
1099 1460 1213 1555 sosius

155 1566 293 1636 orliens
309 1586 405 1661 nsque
422 1568 462 1634 ad
478 1585 624 1652 moriem,
650 1583 779 1637 mortem
797 1582 902 1635 autem
919 1568 1036 1652 cruris,
1063 1583 1166 1654 quam
1185 1561 1212 1638 fi

155 1666 311 1757 rapinam
335 1663 524 1737 arbitratus
550 1664 617 1737 else
643 1668 678 1738 se
704 1667 873 1756 aequalem
901 1664 1010 1753 Deo,
1043 1659 1213 1736 noluisset
1313 1695 1332 1720 ·-

154 1783 221 1857 pro
240 1765 365 1838 mundi
390 1763 499 1837 salute
520 1761 598 1837 sieri
624 1763 758 1838 servus.
810 1763 872 1837 Ob
890 1786 968 1837 earn
990 1761 1126 1836 causam
1144 1781 1213 1835 vo·

152 1864 229 1938 lens
247 1882 318 1934 nos
334 1863 467 1938 docere
484 1885 650 1961 magnum
666 1865 803 1942 donum
819 1863 854 1936 se
870 1884 889 1936 a
906 1862 1011 1935 Patre
1026 1860 1212 1954 accepisse,

154 1961 324 2058 quodlfi'c
348 1962 559 2057 serviverit,
585 1965 722 2057 inquit:
759 1965 808 2037 Er
833 1968 920 2035 Deus
939 1986 1023 2031 meus
1044 1966 1108 2032 erit
1129 1962 1212 2031 mihi
1252 1987 1254 1991 ·
1295 1959 1299 1968 ’

149 2065 312 2158 {mritudo
326 2088 409 2135 mea:
438 2067 485 2136 Er
499 2068 583 2135 dixit
598 2066 698 2156 milri,
727 2068 887 2159 Magnum
908 2062 969 2133 tisri
986 2060 1046 2157 ‘fla
1073 2076 1110 2132 ul
1123 2084 1210 2131 voco

144 2169 197 2238 ris
206 2166 325 2256 fernus
345 2185 444 2235 meus:
471 2184 549 2238 nam
572 2163 694 2238 servus
711 2184 787 2238 non
808 2160 944 2254 sadus,
970 2181 1047 2234 non
1065 2156 1212 2234 excitas-

151 2263 202 2339 set
223 2264 366 2361 Jacob,
399 2284 516 2356 neque
547 2262 799 2360 dispersionem
824 2261 931 2338 lsrael
958 2257 1211 2335 convertisset:
1234 2334 1250 2348 x

151 2363 208 2440 sed
230 2385 350 2456 neque
368 2363 509 2437 susurru
535 2381 612 2439 erat
635 2367 672 2440 in
691 2367 809 2441 lucem
831 2364 1012 2461 gentium,
1037 2375 1212 2453 utusque
1306 2413 1310 2431 .
1334 2448 1336 2455 Ι

151 2466 194 2539 ad
212 2478 415 2538 extremum
439 2480 542 2538 terrae
564 2464 655 2540 salus
673 2463 771 2542 esset.
822 2468 865 2538 Et
888 2484 946 2536 res
970 2462 1112 2553 quidem
1133 2481 1212 2534 non

150 2583 267 2657 usque
293 2564 385 2637 adeo
405 2584 529 2661 magna
554 2564 626 2654 est,
654 2566 751 2656 quod
776 2563 896 2637 servus
916 2561 990 2654 ipse
1008 2561 1119 2634 suerit
1140 2559 1212 2632 sac·
1260 2575 1264 2593 ·

151 2678 228 2755 tus,
256 2664 417 2755 quamvis
439 2685 458 2737 a
483 2665 587 2739 Patre
612 2665 683 2739 boc
709 2685 874 2760 magnum
900 2659 970 2735 csse
998 2660 1160 2751 dicatur,
1184 2658 1211 2733 sr

152 2763 364 2839 conseratur
378 2784 457 2837 cum
476 2765 636 2860 agnello,
657 2764 799 2860 &agno
814 2763 1031 2836 innocente:
1056 2776 1098 2830 ut
1117 2759 1212 2832 enim
1275 2848 1278 2855 ¹

153 2865 313 2963 agnellus
329 2866 526 2956 innocens,
552 2866 610 2957 qui
630 2864 772 2937 ducitur
790 2876 831 2935 ut
844 2857 1082 2952 sacrificetur,
1099 2856 1211 2933 fabius
1275 2886 1278 2893 ·

153 2962 203 3041 est
221 2964 284 3036 ille
312 2983 421 3058 agnus
445 2963 535 3058 Dei,
562 2977 603 3037 ut
631 2964 768 3036 auferat
792 2977 982 3053 peccatum
1003 2957 1149 3050 mundi,
1177 2956 1212 3030 ἀ

153 3065 209 3159 qui
230 3064 399 3137 omnibus
416 3063 612 3137 sermonem
634 3061 857 3158 suppeditat,
883 3062 990 3135 etiam
1017 3059 1214 3133 assimilatus
1284 3068 1291 3095 ⁸

155 3162 202 3237 est
218 3162 363 3259 agnello
387 3161 460 3235 sme
478 3183 575 3236 voce
594 3183 716 3239 coram
739 3162 939 3253 tondente,
966 3173 1007 3232 ut
1023 3170 1143 3232 morte
1161 3159 1213 3249 ip·
1293 3218 1295 3223 .

154 3260 217 3337 lius
241 3282 371 3361 omnes
392 3282 461 3336 nos
483 3259 733 3355 purificemur,
759 3283 837 3355 quae
862 3261 965 3335 datur
988 3258 1094 3333 instar
1112 3259 1212 3352 phar·

144 3363 244 3439 maci
261 3357 427 3435 adversus
446 3360 602 3437 asliones
622 3360 856 3456 adversarias,
883 3360 917 3433 &
940 3357 1107 3433 adversus
1129 3376 1214 3449 pec·

157 3478 273 3536 tatum
290 3481 436 3551 eorum,
452 3463 511 3552 qui
527 3464 689 3552 recipere
705 3464 856 3552 cupiunt
869 3462 1074 3533 veritatem.
1091 3455 1214 3545 ,siqui-

159 3560 234 3637 dem
255 3563 417 3636 imbelles
440 3561 528 3635 fecit
552 3582 647 3635 mors
672 3560 799 3634 Christi
823 3582 883 3635 eas
904 3559 1107 3654 potentias,
1135 3574 1213 3646 quar

158 3660 312 3753 humano
330 3663 451 3752 generi
469 3664 601 3735 bellum
618 3658 798 3751 inferunt,
826 3661 858 3733 dr
878 3658 1074 3732 vindicabit
1093 3678 1112 3729 a
1130 3675 1214 3749 pec·

159 3778 238 3836 cato
264 3762 377 3834 vitam
402 3761 436 3832 in
457 3756 686 3854 unoquoque
705 3760 950 3850 credentium,
977 3756 1142 3849 potentia
1163 3757 1215 3827 in·

161 3860 301 3934 dicibili.
354 3861 534 3953 Quoniam
550 3875 667 3934 autem
684 3860 801 3934 aufert
823 3871 1032 3954 peccatum,
1058 3870 1100 3927 ut
1114 3868 1215 3927 totus

160 3956 229 4033 sane
243 3974 399 4053 peccato
413 3956 455 4034 srt
470 3960 639 4050 mundus,
665 3960 773 4052 idque
787 3959 874 4033 facit
890 3959 1010 4032 donec
1024 3951 1218 4029 universos
1251 4028 1253 4033 ,

162 4054 277 4171 boses
296 4058 401 4156 suos,
417 4052 535 4155 [arque
547 4058 820 4239 adeonortem
834 4056 976 4164 ipsam,
994 4074 1136 4152 nempe
1150 4051 1243 4121 uxt‘ra

285 4204 304 4218 ν
648 4204 656 4215 -
700 4185 722 4266 3
781 4229 783 4234 ,
868 4172 871 4181 ’
1101 4168 1219 4233 mim
