2817 4575
85 3112 87 3125 l

85 3922 99 4219 l

307 371 371 454 nu
407 369 704 472 ponuntur
741 367 1014 450 tomus-‘t
1131 324 1204 474 ap

125 535 204 610 bit:
234 531 407 610 Senatum
428 535 639 626 Euangeliou
651 558 766 609 ,meunt
816 535 917 609 luter
936 535 1062 628 scripta
1076 539 1182 616 'enim

126 633 250 727 Pauli,
266 638 382 708 nullut
399 649 498 708 extat
514 637 615 717 liber,
632 636 691 725 qui
708 636 832 706 vocari
847 630 1078 732 Evangelium
1093 657 1182 712 coo·

126 731 299 808 sueverit.
347 734 417 832 Seii
436 734 604 824 quidquid
619 735 678 806 vel
695 734 913 828 praedicavit,
932 738 990 809 vel
1009 737 1112 831 dixit,-
1130 737 1183 832 est

128 831 395 930 Euangelium3
430 855 507 926 quae
533 854 624 906 vero
649 834 878 926 praedicavit,-
905 836 938 907 lla
965 836 1079 925 dixit,
1105 836 1183 911 luce

127 935 237 1008 etiam
263 931 418 1024 scripsit:
450 953 538 1029 ergo
553 953 613 1006 ‘ex
636 934 689 1005 his
715 933 895 1029 colligitur
919 931 1021 1028 ipsius
1054 935 1183 1029 scripta

125 1027 366 1128 Euangelium
384 1028 466 1108 elle.
517 1029 668 1128 Quodli
695 1029 791 1106 Pauli
814 1033 942 1124 scripta
965 1034 1045 1106 sunt
1062 1035 1184 1110 Evan-

126 1130 471 1228 gelium,··profeclo
490 1131 583 1204 idem
601 1129 815 1206 censendum
832 1131 883 1206 est
900 1131 944 1206 de
963 1130 1058 1207 Petri
1075 1136 1190 1213 etiam·

126 1229 289 1324 scriptis,
315 1231 455 1304 &utin
472 1228 673 1304 universum
694 1233 846 1323 loquar,
870 1235 1009 1322 omnia,
1037 1253 1112 1324 qua
1132 1237 1184 1330 ip·

128 1329 198 1404 ilua
216 1327 345 1404 Christi
371 1325 587 1413 confirmant
608 1331 823 1421 aduentum,
849 1330 883 1404 ἀ
908 1352 990 1421 quae
1004 1331 1185 1408 stabiliunt

130 1429 353 1524 presentiam
376 1430 490 1517 illiue,
517 1449 665 1520 quaque
682 1429 858 1503 inducunt
872 1428 975 1522 ipsam
993 1433 1027 1504 in
1046 1436 1185 1508 tuimur

128 1531 350 1622 cupientium
377 1525 551 1621 suscipere
579 1528 650 1601 Dei
678 1529 901 1622 sermonem,
935 1530 1085 1605 stantem
1111 1552 1186 1626 pro.

130 1626 290 1716 iuribua,
315 1623 587 1719 depulsionem,
614 1627 807 1724 &ingredi
834 1629 1020 1705 volentem
1044 1633 1083 1704 in
1111 1634 1184 1706 ani·

129 1747 226 1816 maa,
252 1726 332 1802 lunt
348 1725 594 1824 Euangelium.
1186 1785 1188 1790 .

204 1851 238 1922 p.
264 1825 337 1900 Sed
351 1841 491 1920 tempus
502 1826 574 1916 jam
593 1821 645 1898 est
662 1825 861 1899 accuratius
877 1833 1079 1920 exquirere,
1099 1827 1190 1923 quid,
1231 1874 1238 1892 κ

132 1947 211 2002 vox
230 1924 417 2022 Evangelii
437 1919 628 2021 significet,
654 1923 687 1996 ἃ
708 1943 817 2014 quare
836 1925 872 1999 hi
889 1928 968 2000 libri
985 1929 1188 2024 inscriptio·¹

130 2045 214 2102 uem
237 2027 330 2099 hanc
352 2029 519 2099 habeant
568 2019 631 2095 Est
652 2022 760 2116 igitur
787 2017 1040 2119 Evangelium,
1067 2026 1188 2103 sermo·

132 2128 333 2218 quiserum
357 2126 522 2198 nuntium
543 2122 730 2214 continet,
756 2139 834 2212 quae
857 2127 955 2216 quod
977 2126 1082 2200 utiles
1103 2126 1186 2222 fint,

128 2225 354 2320 iuremerito
369 2224 525 2297 letitiam
540 2223 682 2316 pariunt
696 2221 873 2315 auditori,
897 2226 995 2301 simul
1017 2227 1188 2318 atquem

132 2324 210 2419 ipso
229 2323 369 2401 admilla
385 2322 538 2413 fuerint,
556 2342 633 2412 quae
647 2325 867 2401 nuntiantur.
916 2323 955 2399 N
958 2348 1003 2399 eo
1015 2346 1106 2401 vero
1122 2326 1190 2427 mi3

132 2446 211 2501 mur
228 2426 309 2498 talia
329 2424 451 2497 oratio
471 2420 522 2496 est
538 2418 792 2516 evangelum,
819 2427 980 2513 quamvis
1001 2428 1192 2503 exhibitu

136 2524 311 2599 audientia
332 2521 698 2617 perpendaturtuel,
725 2516 959 2618 Euangelium
979 2528 1098 2601 oratio
1122 2525 1193 2635 est,

136 2625 328 2697 continent
342 2624 432 2695 boni
446 2618 665 2714 presentiam
678 2620 891 2711 cuicumque
904 2625 1085 2698 credenti:
1112 2629 1191 2718 velt

135 2725 256 2797 orttio
276 2718 451 2795 affirmant
475 2714 591 2793 adesse
608 2720 767 2811 bonum,
793 2722 890 2811 quod
912 2722 1193 2817 exspeuapatur:

136 2820 276 2901 Omnes
291 2836 407 2903 autem
419 2835 506 2910 quat
516 2818 740 2909 prediximus
752 2816 981 2895 definitiones
995 2825 1036 2897 iit
1050 2844 1192 2899 conve·

135 2925 260 3012 oiuut,
278 2942 355 3013 quae
369 2917 607 2993 inscribuntur
622 2916 837 3013 Evangelia}
861 2942 941 2997 cum
953 2923 1047 2997 anim
1064 2944 1192 3005 unum·

137 3022 308 3113 quodque
332 3016 563 3114 Euangelium
585 3015 628 3089 lit
644 3021 879 3093 coacervatio
897 3022 1106 3099 nuntiorum
1123 3023 1192 3099 utu

134 3123 221 3197 lium
237 3122 294 3211 ei,
321 3119 380 3210 qui
396 3114 502 3191 fidem
518 3114 696 3212 adjungit,
715 3136 832 3209 neque
848 3134 974 3213 prater
986 3122 1190 3218 permenam

137 3221 320 3297 [mentium
341 3218 536 3310 intelligit,
570 3214 603 3287 or
628 3216 909 3294 emolumentum
933 3216 1088 3312 aflerat,
1109 3223 1195 3314 jure

139 3321 269 3395 merito
284 3318 438 3393 laetitiam
453 3316 564 3408 parit,
585 3314 722 3387 docens
738 3312 921 3393 salutarem
935 3320 1128 3397 aduentum
1147 3320 1192 3394 acl

136 3418 331 3510 hominen,
357 3416 390 3491 δι
419 3428 570 3508 propter
592 3412 788 3499 homines,
819 3418 1047 3515 primogeniti
1074 3422 1193 3494 omnia

139 3532 340 3602 creatura,
370 3535 501 3607 nempe
525 3509 606 3609 §esu
636 3511 775 3591 Christi.
828 3518 925 3612 Quin
956 3521 1061 3593 etiam
1091 3520 1196 3610 quod-

139 3616 376 3712 Evangelium
400 3612 680 3705 unumquodque
707 3612 750 3687 fit
771 3617 912 3709 oratio,
938 3618 1075 3692 docens
1103 3622 1195 3701 boni

140 3717 252 3793 Putria
272 3716 310 3789 in
332 3714 424 3787 Filio
447 3712 642 3787 adventum
661 3712 704 3783 ad
726 3714 894 3789 volentes
914 3737 993 3791 eum
1012 3720 1197 3815 excipere,

141 3816 300 3893 credenti
323 3814 471 3887 cuilibet
494 3810 714 3904 perspicuum
742 3810 804 3886 est.
854 3816 966 3910 Quod
993 3834 1111 3892 autern
1134 3842 1196 3893 ex·

142 3916 332 4015 speciatum
358 3913 622 3987 etiam-bonum
647 3932 711 4005 per
731 3912 799 3987 hos
821 3917 932 3990 libros
958 3921 1198 4012 promittitur,

141 4040 215 4099 nou
237 4014 290 4096 eil
310 4012 530 4091 obscmumt
563 4011 676 4089 totius
701 4030 855 4113 namque
880 4020 1011 4119 populi
1032 4018 1117 4095 ieie
1142 4038 1221 4113 otu

1010 4125 1188 4217 loquens
