2817 4575
127 319 130 326 ’
207 305 243 392 ’.
302 263 706 444 intortunium
744 329 1022 425 tonost
1146 261 1196 436 rt

127 495 380 595 deponendo,
405 496 711 594 ingenerrndiquo
731 517 828 587 earn,
846 519 951 593 quam
969 501 1117 593 proprie
1133 517 1201 577 vo·

129 621 256 676 camus
272 597 407 687 vitam,
435 598 699 695 resurgentibus
718 621 762 672 ex
779 602 930 676 mortuis
948 604 1009 695 iis,
1037 601 1096 692 qui
1118 619 1200 679 eunt

129 699 270 776 lincere
288 699 516 791 receperint,
544 701 742 793 appellatur
765 700 985 775 resurreetio.
1036 701 1121 775 Hoc
1141 723 1200 775 au·

130 815 209 874 tem
233 817 309 872 nou
326 798 440 872 modo
460 802 497 871 in
515 800 699 892 praesentt'a
716 800 751 872 in
770 799 823 872 his
843 819 1033 895 operatur,
1061 805 1119 894 qui
1138 819 1200 876 ua·

130 897 213 974 lent
230 897 372 971 diceret
391 899 571 990 Confipultt'
582 901 691 987 sumus
705 925 773 969 cum
791 901 913 997 Chrisso
926 923 982 995 prr
999 909 1198 994 baptismum,

131 1017 289 1089 cumque
307 1017 354 1070 eo
374 995 470 1070 simul
489 998 758 1072 resurreximus:
785 1000 842 1072 sed
862 1002 966 1075 etiam
984 1005 1101 1074 multo
1126 1023 1198 1076 rnr-

131 1101 186 1194 gir
215 1111 297 1172 cuna
325 1096 468 1190 prorsus
495 1101 592 1171 omni
617 1099 776 1196 depossta
799 1102 1043 1189 mortalitate,
1071 1101 1198 1192 aliquis

132 1200 171 1272 in
199 1197 368 1270 novitate
391 1197 475 1269 vltae
502 1198 606 1292 ipsius
633 1199 710 1272 Filii
743 1203 922 1276 ambulat:
957 1204 1198 1273 Mortaliratmr

134 1297 230 1369 'vero
247 1297 327 1394 Jrsu
340 1293 455 1391 semper
468 1303 505 1366 io
520 1321 657 1391 corpore,
685 1300 769 1373 dum
786 1301 844 1373 hic
862 1299 1039 1400 degimus,
1066 1308 1197 1371 circum-
1268 1325 1271 1330 ·

129 1397 291 1492 ferimur,
316 1397 461 1489 quando
481 1415 643 1494 magnum
663 1393 816 1473 finitum
840 1403 1021 1496 cepimus,
1057 1405 1099 1471 Ur
1121 1409 1197 1475 vila

139 1498 219 1597 Jefit
236 1499 275 1571 i'rl
290 1499 460 1592 corporibur
477 1498 592 1593 austris
609 1499 836 1595 manifestetur.

209 1601 269 1672 26.
296 1597 516 1694 Quinetiam
535 1601 615 1681 via,
643 1620 720 1690 quae
736 1595 785 1673 est
801 1603 837 1673 in
851 1594 1038 1693 sapientia,
1065 1601 1098 1673 ἃ
1118 1620 1197 1689 quae

85 1749 94 1762 .
135 1697 211 1772 rim
230 1698 339 1769 habet
355 1691 527 1782 efficiendi
548 1717 631 1779 eos,
660 1701 718 1790 qui
737 1719 800 1792 per
819 1723 894 1775 eam
911 1700 1053 1774 salutem
1075 1697 1197 1796 adipis·

135 1812 267 1870 cuntur
281 1795 472 1871 secundum
489 1796 750 1890 explicationes
769 1800 985 1874 de-veritate
1008 1804 1044 1874 in
1067 1806 1196 1876 divino

136 1898 277 1988 verbo,
291 1896 338 1970 ·&
358 1893 515 1968 titiones
538 1893 728 1970 existentes
745 1899 780 1969 in
800 1918 887 1972 vera
905 1898 1062 1991 justitia,
1089 1902 1196 1975 nobit

135 1996 405 2092 intelligendum
435 1998 590 2088 probet,
618 1999 805 2088 quomodo
831 1997 987 2071 Christus
1016 2002 1074 2072 vla
1103 2001 1222 2072 dica·.

137 2108 216 2186 tur‚
232 2095 270 2168 in
289 2113 393 2187 quarn
413 2095 507 2170 vlam
524 2098 611 2169 nihil
626 2096 761 2192 gestare
777 2098 904 2189 debet,
924 2117 1042 2189 neque
1059 2120 1196 2192 peram,

137 2213 255 2286 neque
276 2196 441 2290 pallium,
468 2216 510 2268 ac
527 2215 574 2268 ne
587 2198 753 2271 baculum
771 2197 934 2295 quidem,
960 2200 1026 2289 vel
1039 2203 1214 2286 calceoss

96 2390 100 2397 Ι
139 2296 265 2389 quibus
290 2296 415 2369 induat
442 2297 552 2390 pedes
580 2297 649 2377 iter
673 2296 839 2370 fatturus.
890 2296 1076 2372 Sufficiens
1103 2294 1199 2379 e'nitn

96 2424 106 2489 i
138 2416 200 2493 per
224 2394 259 2469 se
280 2390 332 2469 est
348 2395 424 2471 liaec
443 2397 503 2468 uia
524 2397 566 2469 ad
588 2400 707 2470 omnia
724 2396 977 2489 suppeditanda
997 2402 1115 2472 itineri
1135 2422 1198 2474 ne·

97 2498 104 2513 '
140 2492 300 2587 cellaria,
325 2496 494 2587 nullaque
519 2515 557 2568 re
583 2498 733 2570 omnino
760 2496 896 2594 indiget
922 2500 1080 2592 quisquis
1103 2500 1198 2573 hanc

99 2602 105 2645 ἱ
139 2596 356 2693 ingreditur,
370 2609 517 2667 ornatus
535 2617 581 2667 eo
599 2595 839 2688 vestimento,
860 2614 933 2686 quo
951 2614 1116 2671 ornatum
1128 2597 1198 2673 else

140 2717 218 2770 eum
234 2695 364 2787 decet,
379 2697 438 2785 qui
456 2696 630 2769 invitatur
644 2695 744 2769 vadit
759 2697 802 2768 ad
819 2699 985 2788 nuptias,
1000 2717 1080 2769 cum
1100 2700 1199 2775 nulla
1319 2711 1327 2725 ‘

139 2812 195 2871 rer
210 2792 360 2871 molesta
377 2788 482 2886 pollrt
500 2795 536 2865 in
552 2796 619 2867 hac
634 2797 693 2871 vir
712 2815 917 2872 occurrere.
967 2792 1087 2869 Facile
1102 2798 1198 2873 enim

139 2894 232 2971 tatto
249 2914 327 2969 non
345 2892 419 2986 est,
445 2888 534 2967 teste
552 2891 768 2986 Salomone,
795 2910 835 2968 ut
854 2895 1047 2989 serpentis,
1074 2897 1131 2979 ἀ,
1157 2912 1199 2973 ut

85 3016 90 3030 ·
141 3012 207 3093 ego
226 2995 404 3075 arbitror,
431 2996 587 3086 cujusvis
606 2998 711 3069 etiam
728 2994 811 3067 ferae
837 2996 913 3068 vias
935 2995 1099 3069 inveniat
1118 2998 1196 3088 quir

86 3157 92 3174 .
140 3092 239 3189 supra
267 3110 416 3188 petram.
470 3092 592 3189 Quare
616 3095 705 3169 nihil
727 3115 822 3189 opus
844 3093 896 3167 est
920 3095 1052 3168 bacuio
1077 3098 1113 3168 in
1139 3097 1198 3172 via

86 3254 97 3302 ι
134 3190 231 3287 nac,
251 3214 329 3287 quae
343 3206 483 3267 tantum
499 3192 678 3285 ubemur
692 3197 958 3268 contrariorum
976 3195 1123 3292 vestigia
1140 3198 1199 3269 hr-

142 3292 249 3386 bert‚
274 3307 380 3366 utne
397 3294 539 3366 illorum
555 3295 716 3386 quidem,
744 3308 822 3384 quo
837 3295 927 3368 malt
944 3293 1046 3386 sunt,
1074 3299 1123 3369 ob
1145 3294 1199 3368 so-

143 3394 335 3483 liditatem,
361 3394 457 3466 unde
478 3395 585 3466 etiarn
599 3407 700 3485 petra
719 3394 874 3487 dicitur,¹
894 3394 937 3468 tit
951 3413 1075 3486 capax,

86 3519 103 3575 e
174 3512 189 3536 .
216 3513 276 3588 27.
308 3491 425 3565 Porro
454 3488 669 3589 Unigenitus
695 3496 829 3566 veritas
858 3491 926 3583 est,
953 3514 1096 3571 omnen
1123 3514 1199 3570 oro·

86 3640 102 3686 1
146 3593 238 3673 ulum
259 3611 378 3667 rerum
392 3593 494 3687 juxta
515 3590 873 3668 Potrisuoluntatem
888 3612 968 3667 eum
986 3597 1084 3667 omni
1100 3596 1200 3667 clari·

88 3760 103 3807 ,
149 3706 218 3785 tate
239 3694 417 3767 rationem
435 3693 470 3763 in
488 3690 523 3765 se
541 3690 803 3786 commetiens,
830 3707 936 3783 atque
950 3694 1144 3785 'unicuique
1164 3699 1200 3770 in

86 3788 88 3797 '
114 3856 119 3883 ,
149 3807 313 3881 quantum
328 3789 387 3865 'est
411 3794 541 3865 veritas
559 3810 627 3885 pro
645 3792 737 3867 illius
754 3793 926 3889 dignitate
948 3791 980 3865 tt
1003 3795 1131 3883 merito
1152 3798 1203 3867 di·
1320 3846 1325 3856 -

86 3884 119 3931 '⁹
149 3890 331 3971 intuens.
383 3891 494 3991 Quod
512 3890 536 3967 st
552 3894 629 3983 quis
645 3890 819 3984 inquirat,
846 3911 929 3964 num
947 3913 1075 3985 omne,
1102 3891 1202 3986 quod

86 4004 101 4051 r
151 3994 287 4079 undem
312 3986 573 4091 cognitumest
597 3987 691 4168 Pabtri
710 3996 813 4088 juxta
834 3987 1142 4166 Pf⁰f¹¹¹¹d¹t3f²3¹¹st
1166 3993 1225 4067 &¹

188 4140 193 4157 ‚
686 4114 706 4168 a
1039 4107 1152 4165 mitra·
