2817 4575
189 465 193 472 .
318 365 942 502 1nssJonnnnnuonus
980 389 1032 470 ιι.
1135 377 1206 494 1⁶9⁷

144 557 492 646 manumittente,
510 553 545 626 δι
561 553 780 626 contrarium
799 551 963 628 existenti
980 553 1022 628 fit
1039 573 1115 628 non
1135 557 1209 630 exi-

146 663 268 752 stens,
293 656 449 749 sequitur
467 651 650 728 malum&
676 671 827 743 pravum
848 651 918 726 effe
943 675 1017 728 non
1041 652 1205 730 existens.

147 760 198 836 Et
218 758 370 834 fortasis
395 758 462 828 hac
484 753 627 826 ratione
649 748 786 826 adduiii
810 751 979 844 fuerunt,
1006 756 1064 847 qui
1083 755 1210 829 dicunt
1312 783 1320 803 ··

150 860 349 936 Diabolum
369 876 444 928 non
462 851 534 925 effe
555 851 623 924 Dei
640 839 846 942 opificiumss
872 854 1096 946 inquantum
1116 857 1212 931 enim
1326 915 1329 920 .

153 960 332 1038 Diabolus
357 953 433 1045 est,
459 973 535 1025 non
563 950 614 1024 est
638 949 708 1023 Dei
738 946 948 1048 opificium,
973 954 1009 1027 in
1039 968 1213 1045 quantum

155 1079 247 1134 veto
262 1057 314 1130 illi
332 1055 507 1149 contigit,
532 1049 695 1124 Diabolo
709 1047 800 1140 effe,
816 1049 928 1138 fastus
946 1072 1027 1127 cum
1043 1053 1085 1129 fit
1100 1057 1215 1154 (cum

155 1160 253 1236 nihil·
267 1170 428 1232 creatum
447 1153 490 1226 iit
507 1166 611 1226 extra
632 1149 751 1224 Deum
776 1149 965 1247 nostrum)
983 1153 1055 1230 Dei
1072 1153 1122 1226 est
1138 1157 1216 1248 opi·

156 1255 278 1336 fic‘iutn
294 1261 361 1340 (ut
383 1252 408 1328 si
431 1251 639 1345 parricidam
659 1249 729 1324 Dei
753 1269 846 1342 opus
869 1249 939 1325 effe
960 1257 1230 1350 negaremus)‚'

159 1379 233 1433 nun
258 1354 461 1430 auferentes
480 1348 592 1445 ipsum
609 1372 628 1422 a
648 1348 734 1424 Deo
757 1347 884 1424 facium
901 1350 1024 1446 fuiffe,
1050 1354 1088 1430 in
1108 1375 1219 1449 quan·

160 1471 235 1532 tum
259 1457 374 1530 homo
400 1452 463 1527 est.
513 1450 679 1544 Namque
696 1464 879 1542 ponentes
898 1452 1004 1526 etiam
1021 1475 1112 1547 noa,
1138 1476 1221 1533 eum
1257 1531 1261 1556 ¹

164 1557 231 1632 effe
258 1550 433 1647 sumpslffe
459 1573 479 1623 a
503 1550 612 1643 Deo,
644 1549 680 1622 in
705 1565 874 1640 quantum
898 1552 1011 1627 homo
1037 1554 1109 1648 est,
1142 1577 1220 1631 non

164 1659 331 1752 ponimus
359 1653 535 1751 hucreum
562 1647 755 1741 sumpsisse,
782 1652 1011 1741 inquantum
1038 1653 1089 1729 est
1113 1657 1220 1734 inter·

166 1755 291 1832 festor.
341 1750 468 1843 Itaque
482 1767 610 1822 omnes
626 1751 881 1841 participantes
896 1773 960 1840 ens
977 1754 1224 1852 (participant

168 1871 285 1930 tutem
304 1848 449 1945 sinen)
466 1851 598 1922 merito
615 1862 722 1920 erunt
736 1847 950 1939 existentes3
978 1858 1037 1945 qui
1053 1875 1146 1929 vero
1160 1855 1225 1930 difss

168 1955 310 2054 fugiunt
331 1954 423 2026 entis
447 1948 783 2041 participationem,
811 1967 858 2021 eo
884 1951 982 2040 quod
1005 1955 1138 2044 privati
1160 1953 1228 2032 fint

171 2071 273 2146 ente,
300 2048 381 2130 tacti
400 2048 548 2122 fuerunt
569 2067 646 2120 non
665 2045 870 2144 existentes,
920 2050 1086 2126 Diximus
1109 2068 1230 2130 autem

170 2153 348 2250 superius,
374 2170 437 2222 ens
457 2148 491 2221 δι
509 2147 618 2239 nihil,
644 2143 845 2239 synonyma
860 2145 894 2220 δι
910 2152 1069 2226 univoca
1082 2151 1169 2230 ess'e:
1195 2154 1231 2230 δι
1280 2141 1289 2172 ’
1321 2237 1323 2242 ,

172 2255 262 2331 hane
281 2251 333 2325 ob
354 2245 515 2338 causam,
541 2247 695 2340 quinon
715 2245 814 2338 sunt,
840 2246 928 2323 nihil
947 2247 1040 2345 effe,
1068 2252 1232 2329 &omne

144 2414 151 2437 ,.
175 2358 301 2431 uitium
320 2354 427 2424 etiam
442 2348 528 2422 nihii
544 2344 637 2441 esse,
664 2349 833 2439 quoniam
853 2346 904 2421 est
924 2370 999 2424 non
1016 2374 1101 2427 ens:
1127 2354 1161 2429 δι
1181 2357 1235 2431 ui·

176 2454 220 2531 hil
244 2458 442 2539 uocatum,
469 2448 542 2521 sine
564 2444 730 2520 sermone
756 2445 884 2523 netum
902 2447 1024 2540 fuisse,
1050 2474 1126 2527 non
1147 2462 1238 2529 coni

175 2563 400 2631 numeratum
425 2568 506 2620 cum
529 2547 663 2625 vocula
688 2548 781 2637 hac,
807 2548 962 2621 omnibus.
1013 2550 1137 2643 Atque
1161 2550 1236 2629 ¹nos

177 2653 318 2747 quidem
342 2668 410 2744 pro
432 2647 526 2719 virili
545 2644 785 2737 ostendimus,
812 2664 890 2735 quae
914 2646 982 2721 fint
1000 2653 1122 2727 omnia
1147 2653 1239 2729 fatie

178 2774 238 2848 per
257 2749 479 2824 sermonem,
506 2746 539 2819 &
563 2744 646 2837 quid
666 2742 709 2818 stt
729 2744 802 2818 fine
824 2744 902 2841 ipso
927 2748 1071 2840 quidem
1093 2750 1239 2845 fastum,

180 2868 360 2942 nunquam
391 2862 509 2923 autem
538 2841 715 2939 existens,
742 2843 775 2916 δι
802 2845 894 2919 hauc
917 2848 967 2920 ub
993 2846 1129 2926 causam
1152 2852 1245 2947 nihil¹

183 2964 369 3027 vocatum.

257 3058 291 3130 8.
318 3044 493 3119 Existimo
517 3055 634 3119 autem
656 3044 946 3139 Heracieonem‚
974 3047 1033 3138 qui
1059 3048 1245 3127 Valentini

150 3188 156 3207 x
186 3146 374 3245 discipulus
388 3143 457 3225 elie
472 3143 606 3238 fertur,
623 3165 703 3217 cum
722 3145 797 3216 haec
811 3143 1034 3219 edissereret:
1065 3154 1246 3249 Omniaper

189 3250 285 3353 ipsum
304 3245 399 3339 satia
418 3245 517 3334 sunt,
544 3244 670 3323 coatie
693 3242 727 3317 ἃ
747 3242 818 3316 sine
841 3241 1048 3320 testimonio
1076 3250 1248 3325 mundum

190 3344 415 3436 universum,
432 3364 581 3436 quaeque
599 3343 636 3417 in
654 3342 817 3435 cusum,
836 3344 1029 3439 excepiffe:
1056 3350 1249 3427 excluden-

144 3504 152 3575 ἰ
190 3456 282 3541 tem,
297 3454 300 3459 '
318 3459 489 3537 quantum
513 3442 619 3537 ipsius
644 3442 716 3516 fert
744 3442 975 3537 hypothests‚
1011 3466 1056 3519 ex
1080 3450 1253 3540 omnibus,

144 3631 148 3650 ‚
191 3542 461 3645 prestantium
486 3564 637 3636 quaeque
657 3543 799 3635 mundi,
827 3542 860 3614 &
887 3564 1036 3638 eorum,
1070 3566 1147 3637 quae
1171 3546 1250 3641 ipsu

194 3651 440 3729 continentur.
491 3645 555 3717 Ait
582 3643 677 3717 enim
707 3663 770 3737 per
794 3641 1013 3730 sermonem,
1047 3665 1122 3718 nun
1147 3644 1254 3723 saecu.

193 3750 283 3836 lum,
309 3765 386 3820 non
411 3763 487 3836 quae
513 3745 548 3817 in
574 3740 703 3819 saeculo
733 3740 833 3833 sunt,
860 3738 951 3814 fasta
981 3742 1104 3832 fuiffe3
1136 3746 1255 3821 existi·

158 3872 162 3881 ·
196 3870 292 3929 mans
317 3847 377 3923 illa
403 3856 488 3917 ante
512 3842 711 3919 sermonem
730 3839 842 3919 fuisse.
894 3841 1139 3937 impudentius
1163 3844 1256 3920 insu·

198 3968 260 4049 per
277 3945 410 4021 instans
431 3944 474 4016 ud
487 3943 591 4016 illud:
620 3944 666 4014 Et
678 3942 743 4036 fine
759 3965 790 4009 eo
802 3939 931 4032 fufium
950 3942 986 4038 eft
1004 3946 1111 4033 nihil,
1136 3966 1262 4035 neque

199 4050 336 4131 ueritus
354 4045 461 4127 illud:
490 4047 542 4120 Ne
557 4046 713 4123 addideris
727 4041 919 4131 sermonibus
939 4046 1036 4159 ejus,
1058 4068 1104 4116 ne
1117 4061 1153 4115 te
1168 4042 1296 4126 tenuta

698 4146 822 4250 ις.
962 4162 967 4176 “
1159 4152 1266 4240 mut
