2817 4575
160 349 166 374 ¹
344 330 410 409 IN
444 323 737 427 JOANNEM
774 321 985 403 TOMUS
1022 324 1066 401 X.
1158 344 1229 418 521

165 513 214 575 ut
228 496 304 589 quis
322 494 471 570 testetur
487 493 532 567 de
547 491 715 583 homine,
738 480 797 565 sed
815 509 907 583 opus
923 488 1078 583 hebere,
1094 500 1136 565 ut
1153 494 1231 587 quit
1289 539 1292 546 ,

162 596 321 673 testetur
338 598 382 677 de
398 597 452 669 his
463 631 482 684 ,·
503 595 561 685 qui
580 589 842 686 prestantiores
860 588 939 663 sunt
953 590 1171 669 hominibus.

167 733 170 738 ·
251 718 307 785 30·
331 695 431 794 Quin
450 687 524 767 ho'c
549 695 656 766 etiam
678 688 905 785 querendum
926 687 1000 783 est,
1026 704 1118 782 quot
1137 690 1232 791 signa

163 787 278 894 ipsius
296 796 398 870 multi
412 793 594 884 videntes,
610 792 841 882 crediderunt
857 791 895 864 in
914 810 1007 866 eum.
1032 790 1123 865 Non
1136 793 1232 868 eninr

160 896 339 988 scriptum
365 892 416 968 est
439 894 533 989 figna
558 890 679 968 fecisse
703 888 965 985 Jerosolyrnis:
997 889 1060 965 niti
1085 890 1233 967 forttiie

161 994 263 1074 fabia
284 995 377 1090 figna
399 992 526 1087 scripta
550 1012 627 1065 non
648 991 808 1067 fuerunt.
860 988 1017 1062 Proinde
1032 991 1233 1076 considera,
1282 1067 1284 1072 ,

155 1116 213 1169 an
231 1095 326 1167 inter
343 1092 438 1189 fignt
452 1093 608 1185 reputari
626 1089 755 1186 potiit,
782 1089 879 1182 quod
901 1088 1032 1164 fecerit
1049 1112 1071 1164 e
1088 1090 1232 1166 funicu-

146 1191 206 1271 lis
225 1190 426 1289 flagellum,
453 1212 580 1267 omnes
600 1185 775 1284 etentplo
794 1186 1000 1285 ejiciendo,
1027 1203 1102 1263 tum
1123 1212 1232 1287 oves,
1283 1189 1285 1195 ’

148 1308 242 1371 tum
270 1296 410 1385 boves,
437 1306 544 1385 atque
574 1290 858 1389 argentariorum
880 1310 927 1362 aes
950 1288 1172 1364 effundendo
1196 1298 1232 1366 dr
1283 1378 1299 1394 α

149 1390 303 1472 mensas
330 1392 587 1468 subvertendo.
637 1389 699 1464 Ad
725 1409 790 1462 eos
815 1388 1004 1484 profesto,
1040 1392 1098 1483 qui
1126 1389 1232 1489 suspi·
1314 1436 1316 1441 ·

147 1508 294 1569 cantur
319 1493 364 1566 de
384 1491 467 1566 solis
489 1490 717 1581 hominibus,
744 1511 821 1564 non
847 1510 940 1583 opus
961 1490 1094 1564 habere
1118 1492 1232 1586 ipsunt
1266 1507 1268 1512 ·

150 1591 337 1687 testibus,
363 1591 483 1665 dicere
503 1605 654 1684 oportet
677 1590 751 1662 duo
777 1586 1039 1684 Evangelistam
1061 1590 1111 1664 iili
1136 1596 1235 1667 attri-

148 1689 300 1781 buisse3
326 1694 501 1784 alterum,
535 1691 635 1782 quod
666 1689 836 1786 agnoscat
862 1709 1016 1778 omnes3
1051 1693 1230 1785 alterurn,

152 1792 266 1886 quod
289 1812 382 1885 opus
402 1813 477 1866 non
503 1791 653 1884 habeat,
680 1802 723 1862 ut
742 1790 818 1882 quis
842 1787 992 1862 testetur
1009 1790 1054 1863 de
1071 1791 1232 1868 homine.
1266 1836 1280 1844 ·›

147 1892 261 1972 Nam
279 1892 304 1964 st
321 1912 446 1965 omnes
464 1890 700 1986 agnoscebat,
728 1909 805 1964 non
825 1887 937 1963 solum
960 1888 1145 1985 homines,
1171 1892 1233 1985 sed

150 1988 277 2071 etiam
297 2011 376 2084 quae
401 1988 502 2083 supra
531 1991 715 2064 hominem
741 1988 840 2078 sunt,
867 1990 974 2062 etiam
993 2010 1143 2084 omnen,
1171 1994 1234 2085 qui

153 2088 279 2167 effent
306 2106 408 2162 extra
434 2090 510 2164 haec
539 2110 721 2183 corpora,
748 2086 991 2185 agnoscebat,
1017 2103 1125 2184 atque
1147 2093 1234 2186 quid

149 2187 252 2268 esset
268 2190 304 2262 in
326 2190 495 2263 homine:
524 2192 656 2283 quippe
670 2190 729 2281 qui
747 2190 863 2280 major
879 2186 1048 2263 existeret
1067 2192 1144 2287 his,
1170 2193 1233 2283 qui

144 2295 195 2369 in
213 2289 470 2382 prophetando
489 2289 737 2378 manifestant,
763 2291 784 2329 ⁴*
797 2292 816 2329 *
834 2289 868 2364 dr
885 2287 1069 2385 judicant,
1085 2295 1233 2371 occulta
1277 2300 1279 2307 '

156 2388 289 2473 cordis
318 2386 425 2458 etiarn
454 2390 591 2473 omnia,
619 2404 696 2478 quae
719 2390 870 2481 Spiritus
890 2391 960 2462 illis
983 2388 1159 2488 suggerit,
1193 2395 1232 2471 itt
1301 2414 1303 2421 ’

150 2501 328 2588 apertum
354 2486 538 2562 ducentes.
592 2483 768 2561 Ceterum
792 2486 905 2559 illud:
939 2491 1128 2580 Agnoscebar
1154 2497 1231 2593 quid

144 2593 234 2686 aflet
262 2592 298 2654 in
316 2587 464 2675 homine,
491 2583 577 2659 sumi
595 2587 701 2658 etiam
719 2584 840 2678 potest
856 2587 901 2659 de
916 2587 1111 2664 virtutibus
1130 2594 1231 2668 malit

144 2689 227 2768 wel
255 2683 384 2777 bonis,
412 2688 645 2777 operantibus
668 2685 705 2758 in
732 2683 948 2759 hominibus.
1000 2687 1096 2763 Nam
1121 2690 1145 2765 st
1170 2692 1229 2766 de-

144 2786 257 2892 3ierit
275 2785 353 2875 quis
380 2787 501 2858 locum
527 2786 709 2875 Diabolo‚
735 2785 934 2880 ingreditur
952 2787 989 2859 in
1013 2790 1110 2863 ilium
1132 2791 1231 2865 Sata·

144 2907 248 2971 nas3
276 2885 574 2975 quemadmodum
600 2883 698 2959 dedit
728 2882 861 2980 Judas,
887 2909 957 2956 cum
977 2890 1048 2982 jam
1076 2892 1232 2962 Diabolus

144 2981 284 3076 mififfet
306 2990 342 3053 in
362 3008 411 3056 cor
431 2990 522 3082 ejus,
551 3003 590 3058 ut
615 2988 755 3057 traderet
781 2986 913 3081 Jesum:
939 3006 1043 3078 quam
1073 2993 1122 3062 ob
1149 3011 1230 3064 cau·

146 3088 232 3165 sam
248 3085 310 3180 pori
326 3084 489 3156 buccellam
508 3092 656 3158 intravit
675 3091 713 3155 in
732 3087 822 3159 ilium
841 3086 993 3162 Satanas.
1029 3085 1229 3166 sinautem

145 3187 248 3264 Deo
273 3185 396 3258 locum
426 3186 587 3275 dederit,
615 3187 741 3260 beatus
764 3182 824 3258 fit:
860 3187 1114 3282 neamenim,
1140 3197 1229 3289 cujus

146 3287 201 3382 esi
217 3286 268 3354 ilii
283 3285 455 3355 retributio
476 3305 495 3356 a
515 3285 623 3363 Deo,
650 3286 688 3361 (5
703 3287 831 3380 ascenfio
848 3295 886 3357 in
902 3290 988 3359 corde
1007 3291 1075 3383 ejus
1095 3289 1228 3370 aDeO.

155 3391 288 3482 Quare
315 3383 500 3480 agnoscis,
528 3382 627 3458 ofili
654 3385 726 3458 Dei
754 3388 875 3459 omnia
899 3389 1116 3484 agnoscens,
1144 3392 1230 3482 quid

144 3487 203 3562 sit
222 3486 258 3556 in
275 3484 433 3560 homine.
484 3482 554 3556 Sed
572 3506 653 3558 cunr
667 3487 740 3577 jam
754 3486 834 3559 satis
849 3483 1053 3580 scriptionis
1071 3487 1229 3568 sumserit

152 3585 320 3662 decimus
338 3598 477 3666 tomus,
503 3585 561 3659 hic
577 3581 742 3685 finiemus
756 3584 969 3665 sermonen

506 3854 906 3889 m*
