2817 4575
412 233 419 278 ί
485 231 491 248 .

311 357 376 436 ru
412 352 706 457 Jouunuu
743 356 941 436 nouus
979 358 1007 437 r.
1139 386 1191 465 4,

133 524 226 600 sicut
246 519 396 616 ipsemet
418 517 588 614 testetur,
615 540 660 594 ex
679 539 726 592 eo
744 519 844 612 quod
859 519 1001 616 sumpto
1024 522 1134 601 Eseiae
1152 528 1194 606 li.

135 628 204 699 bro
219 624 330 720 legit:
354 625 498 718 Spiritui
516 624 650 693 Durnium
660 620 757 716 super
772 645 840 708 me,
857 641 1020 721 propterea
1039 632 1117 722 quod
1130 655 1192 701 rm·

134 731 185 798 xit
208 747 276 803 mc,
299 722 341 794 od
361 721 644 816 evangelizandum
664 720 849 816 pauperibus
868 723 951 820 misit
966 748 1031 811 me,
1059 743 1098 798 ut
1111 748 1191 827 pn.
1230 794 1234 800 ,

133 817 229 897 dicetis
244 826 381 918 captiuis
401 819 618 913 remissionem,
644 820 683 897 U
694 831 782 890 'cacis
797 822 929 913 visum.'
966 826 1194 923 complicetur»
1227 913 1229 918 ¹

130 933 214 999 enim
238 924 355 995 librum
381 946 452 993 cunr
480 920 844 1020 redducunt-ministro,
876 926 999 1013 resedit.
1056 932 1193 1031 Cumqui

133 1029 273 1097 ennium
292 1029 330 1095 in
343 1047 412 1095 eum
428 1024 524 1111 defixi
537 1019 633 1114 essent
650 1023 753 1115 oculi,
772 1025 876 1096 dixu.-
906 1026 1005 1097 Hodie
1020 1022 1193 1128 Scriptum

131 1123 585 1221 hacimpletarssinuuribus
603 1123 725 1217 vestris.
1097 1131 1101 1144 ”

203 1245 263 1299 12.
288 1221 500 1322 Necessario
520 1223 626 1297 etiarn
648 1222 735 1296 iilud
749 1219 927 1297 sciendum
948 1223 1018 1311 est,
1045 1245 1193 1312 omnem

130 1326 263 1401 bonam
280 1321 457 1398 antonem
475 1343 557 1422 erga
578 1321 694 1421 Jesum
716 1321 840 1395 saitem
861 1322 934 1396 hoc
954 1323 1193 1424 Evangelium

132 1426 350 1515 continere,
383 1424 571 1515 quomodo
594 1424 700 1498 etium
724 1424 890 1494 continet
917 1428 1074 1499 mulieris
1098 1431 1193 1506 illius

131 1526 330 1622 preclaram
346 1523 440 1595 iliam
460 1520 662 1615 titionem,
690 1542 768 1612 quae
784 1524 1002 1616 malaopera
1027 1546 1108 1601 cum
1133 1532 1192 1606 ed·

89 1655 92 1670 ¹
129 1623 289 1714 misisset,
313 1620 599 1715 refipuiffetque,
623 1624 714 1695 boni
735 1621 860 1693 odorio
881 1640 1105 1719 unguentum
1124 1650 1194 1723 po.

130 1726 220 1818 tuit,
246 1725 297 1799 ob
318 1722 490 1818 insignem
516 1722 548 1796 dc
571 1744 618 1796 ex
639 1724 760 1796 animo
779 1719 906 1796 fatiam
925 1745 945 1798 a
961 1728 1060 1799 malis
1079 1744 1193 1814 muta·

130 1826 282 1916 tionem,
304 1822 406 1916 super
424 1819 542 1916 Jesum
556 1820 723 1910 fundere,
743 1840 816 1911 quo
834 1820 930 1895 fauo
949 1840 1028 1898 tota
1047 1826 1193 1923 domuc,

133 1938 236 2015 atque
251 1922 343 1996 adeo
360 1934 546 2013 quotquot
561 1921 635 1993 illic
653 1920 810 2015 aderant,
827 1921 919 1995 iilius
937 1929 1111 2021 unguenti
1125 1928 1194 2003 sra-

134 2024 304 2120 grentiem
314 2020 412 2096 sensu
424 2035 682 2115 perceperunt:
710 2021 881 2108 quocirca
899 2026 1004 2096 etiem
1024 2024 1193 2119 scriptum
1239 2019 1248 2028 ’

133 2124 193 2198 est:
231 2123 416 2220 Ubicunque
426 2123 629 2218 predicatum
640 2120 749 2213 fuerit
771 2122 828 2190 hoc
848 2123 1060 2218 Evangelium
1077 2133 1114 2197 in
1130 2152 1196 2199 om·
1215 2183 1224 2220 ,

132 2227 221 2297 nibus
237 2225 384 2320 gentibus
396 2270 409 2306 ,
434 2224 556 2293 dicetur
575 2227 671 2295 ctiam
692 2219 780 2316 ἐβίω
797 2220 924 2311 faidum
948 2225 989 2296 ad
1015 2232 1193 2300 memorium

129 2328 225 2415 suant
277 2322 393 2398 Porro
423 2321 644 2417 perspicuum
671 2321 722 2393 est
752 2319 931 2399 Christum
957 2325 1019 2399 fibi
1045 2342 1195 2424 accepte

133 2426 288 2516 referre,
308 2444 529 2516 quecunque
548 2423 584 2494 in
602 2419 794 2513 discipulos
811 2420 892 2495 suos
907 2412 1193 2509 cosletasueritit.

134 2523 237 2599 Unde
255 2521 471 2597 beneficium
490 2523 710 2614 accipientes
730 2519 922 2597 ostendere
940 2526 1084 2618 volens,
1108 2528 1194 2604 dan·

134 2629 224 2698 tibus
242 2620 460 2697 beneficium
479 2622 585 2694 dixit:
619 2623 714 2715 Quod
733 2622 786 2689 his
800 2622 942 2720 fecistis,
967 2628 1051 2695 mihi
1062 2627 1194 2726 [auiis.

134 2728 249 2821 Quem
274 2725 324 2797 ob
351 2742 427 2795 rem
445 2722 580 2811 quaevis
604 2718 695 2793 adio
718 2722 816 2793 bona
839 2742 859 2794 a
882 2724 988 2799 nobis
1012 2727 1047 2799 in
1074 2732 1195 2820 proxi·

114 2847 225 2901 mum
249 2825 405 2910 collata,
433 2821 475 2892 ad
491 2817 726 2915 Evangelium
749 2819 926 2915 refertur,
945 2827 1042 2917 quod
1059 2826 1195 2915 incoli

134 2925 262 2998 tabulis
280 2923 500 3012 inscribitur,
522 2919 828 3016 .agnosciturque‚
854 2924 1042 3018 adlegitur
1053 2928 1102 2998 'ab
1117 2948 1199 3005 om«
1303 2960 1305 2967 ·

135 3028 262 3115 nibus,
289 3022 350 3112 qui
369 3015 616 3095 universorum
634 3020 846 3114 cognitione
867 3020 964 3118 digni
989 3025 1098 3100 habiti
1117 3027 1195 3104 fue·

135 3128 226 3198 rint:
254 3143 336 3195 cum
357 3143 401 3193 ex
424 3118 576 3192 adverso
600 3121 707 3194 etiem
733 3139 813 3210 pars
838 3108 1027 3219 Evangelii
1055 3127 1197 3205 accust-

137 3227 273 3299 tionem
300 3222 487 3294 contineat
505 3239 654 3310 eorum,
683 3221 742 3309 qui
767 3218 995 3311 deliquerunt
1014 3225 1196 3319 inJesum.

137 3320 261 3417 itaque
278 3321 377 3416 Judae
392 3319 554 3412 proditio
570 3320 767 3411 populique
787 3320 885 3412 impii
908 3324 1128 3400 vociferatio
1148 3329 1199 3402 di·

138 3426 270 3500 centis:
300 3417 383 3492 Tude
399 3423 518 3493 huuco
536 3435 645 3500 terta,
668 3419 707 3496 (π
720 3422 878 3512 crufige,
904 3422 1045 3517 crucifige
1058 3449 1143 3514 eum,
1161 3428 1196 3502 ἀ

137 3522 489 3610 torneamentum,
517 3520 688 3609 aquibus
718 3516 769 3593 est
788 3516 893 3610 spinis
918 3539 1134 3614 coronatus,
1161 3527 1197 3602 dc

138 3622 188 3698 his
204 3621 326 3698 similia
341 3641 403 3713 per
418 3621 581 3695 ordinem
595 3619 630 3690 iu
642 3614 847 3715 Evangeliis
863 3621 976 3711 posita
994 3623 1082 3698 sunt.
1107 3627 1198 3724 Qui·

139 3724 202 3797 bus
227 3717 454 3811 consequens
478 3717 528 3792 est
549 3731 590 3788 ut
611 3716 895 3819 consideremus,
922 3723 1020 3812 quod
1039 3725 1198 3818 quisquis

138 3822 215 3919 Jen
238 3818 431 3913 discipulos
458 3817 677 3910 prodiderit,
703 3818 732 3891 ie
757 3831 945 3909 reputetur
970 3820 1086 3915 Jesum
1111 3846 1201 3920 pro.

141 3919 269 3997 didisse.
311 3919 411 3990 Hinc
426 3919 469 3992 ad
485 3917 631 3993 Paulum
649 3918 765 3990 adhuc
784 3918 818 3991 se
835 3917 1105 4012 persequentem
1123 3925 1200 4013 (di-

95 4072 98 4081 ·
143 4026 187 4103 cit
201 4019 355 4124 Jesus):
378 4021 479 4111 Suus,
507 4018 606 4108 Suus,
631 4043 688 4092 cur
710 4042 756 4113 mc
771 4019 990 4124 persequenti
1029 4020 1222 4104 Ktiiixtd'·

1115 4121 1190 4218 Ego
