2817 4575
327 359 392 472 iti
430 361 720 482 tonte-nutu
755 371 966 456 nouus
1008 379 1036 460 t.
1162 405 1206 480 57

147 539 1209 741 fdttffididiiiiiiiditi.iiiiiiiiit

146 749 197 824 est
213 751 335 843 imago
358 747 427 818 Dei
442 742 647 837 inuisibilis„
674 744 886 836 principium
902 744 1006 836 ipsius
1022 744 1073 817 est
1090 744 1208 841 intem

149 849 308 932 imiliter
321 846 429 922 etiam
444 841 601 919 Christus
612 840 663 918 est
679 843 891 936 principium
906 864 1048 936 eorum,
1060 849 1118 938 qui
1129 850 1209 926 faui
1293 907 1295 912 -

151 947 230 1034 sunt
247 939 439 1020 secundum
454 945 639 1042 imaginem
655 942 737 1016 Dei.
789 940 882 1014 Nam
900 942 923 1016 st
943 944 1108 1021 hommes
1130 949 1212 1030 sunt

149 1046 343 1122 secundum
359 1046 569 1140 imaginem,
595 1043 712 1139 imago
735 1060 828 1116 veto
851 1041 1041 1117 secundum
1061 1048 1213 1140 Patrem,

149 1148 251 1240 iuxta
271 1147 348 1220 hoe
372 1144 515 1237 quidem
539 1140 643 1216 Pater
666 1142 879 1238 principium
905 1141 955 1217 est
978 1143 1084 1235 Filii3
1107 1151 1210 1240 juxta
1304 1237 1306 1242 ¹

144 1247 375 1336 innitere,
408 1244 592 1320 hominum
616 1243 831 1336 principium
860 1241 912 1315 est
937 1241 1116 1344 Christus,
1152 1253 1213 1341 qui

152 1345 229 1426 fecii
248 1343 336 1446 sunt
351 1363 427 1418 non
451 1341 644 1418 secundum
667 1342 703 1414 id
727 1343 827 1434 cujus
849 1340 900 1416 est
917 1342 1057 1438 imago,
1084 1346 1141 1422 sed
1164 1348 1212 1423 se.

155 1446 309 1520 d'undum
331 1443 518 1542 imaginem
541 1440 660 1538 ipsius.
713 1440 901 1540 Congruet
916 1458 1035 1518 autem
1055 1450 1097 1521 ad
1119 1450 1213 1526 idem

154 1541 381 1637 exemplum,
397 1555 593 1618 contextus
609 1542 688 1615 hiet
717 1544 756 1613 ln
771 1548 930 1638 principio
947 1562 1018 1613 erat
1037 1549 1188 1625 [serium.
1228 1555 1236 1578 ⁸·
1283 1617 1289 1624 ,

223 1665 285 1717 no.
313 1640 376 1716 Est
400 1645 505 1715 etiam
523 1643 736 1735 principium
757 1641 964 1736 discipline,
986 1644 1089 1735 juxta
1109 1671 1214 1741 quam
1283 1687 1288 1696 ·

156 1743 425 1840 intelligentiam
435 1742 582 1814 dicimus
599 1743 777 1814 elementa
797 1744 1009 1835 principium
1026 1744 1214 1845 eisegram.

157 1845 316 1921 meticet.
367 1839 428 1915 Ob
445 1844 518 1920 hoc
535 1840 623 1912 dicit
647 1838 867 1932 Apostolus:
895 1845 975 1913 Cum
994 1846 1139 1919 deberetis
1160 1848 1215 1943 effi

157 1943 293 2042 mugisstt'
306 1956 435 2041 propiet
454 1959 594 2037 tempus,
610 1944 736 2030 rursum
751 1958 826 2035 opus
839 1941 962 2012 habetis
978 1962 1017 2013 ut
1032 1948 1215 2038 duceamini,

159 2041 1217 2238 tiiiiinstititutis?iunii„if?iiiii

158 2240 319 2342 tespeiiu
341 2240 471 2316 nostri:
494 2253 535 2313 ut
560 2241 583 2314 u
605 2240 762 2313 dicamus
785 2239 830 2314 de
847 2239 1013 2335 Christo,
1041 2246 1139 2337 quod
1158 2269 1218 2324 nt·

160 2357 237 2417 tuta
253 2344 469 2438 principium
490 2339 594 2436 ipiius
612 2341 655 2414 fit
672 2340 858 2415 divinitas:
885 2345 1093 2432 quondnos
1110 2370 1218 2443 vero,
1243 2418 1246 2433 ,

161 2446 219 2536 qui
241 2463 318 2517 non
345 2444 507 2530 valemus
529 2463 574 2515 ex
595 2441 840 2537 magnitudine
858 2438 934 2536 ejus
961 2447 1151 2521 veritatem
1173 2451 1220 2524 de

161 2542 235 2637 ipso
258 2539 413 2633 adsequi,
440 2541 664 2631 humanitus,
690 2541 727 2612 in
755 2556 926 2641 quantum
949 2546 1108 2636 parvulis
1133 2569 1226 2639 prm,¹

163 2644 300 2717 dicatur
319 2638 417 2737 Jesus
436 2636 616 2732 christus,
634 2639 668 2710 δι
686 2639 746 2713 hie
762 2638 967 2731 crucifixus.
1011 2645 1134 2739 Quare
1154 2650 1222 2731 hac

161 2744 303 2817 tatione
321 2736 498 2814 Christum
517 2738 667 2815 dicimus
685 2752 812 2811 nature
832 2742 1042 2835 principium
1065 2742 1136 2819 eise
1155 2747 1222 2820 dit·

163 2843 324 2935 cipiunt,
348 2838 541 2913 secundum
562 2838 661 2930 quod
686 2837 757 2912 Dei
781 2838 971 2932 sapientia,
998 2841 1031 2914 ἀ
1058 2842 1128 2916 Dei
1154 2846 1221 2939 po·¹

163 2943 278 3015 tentia
300 2936 368 3014 est:
395 2940 513 3031 quoad
531 2959 600 3011 non
618 2956 710 3010 veto
729 2937 906 3012 Verbum
919 2960 1006 3013 caro
1025 2942 1136 3015 iadtut
1156 2944 1222 3040 est,

164 3056 205 3115 ut
227 3041 405 3115 habitaret
431 3039 469 3110 in
490 3040 617 3125 nobit,
642 3038 705 3129 qui
727 3037 800 3110 hoc
825 3039 938 3112 modo
958 3054 1095 3115 tantum
1116 3046 1222 3120 initio

166 3161 247 3217 eunt
270 3159 399 3233 capere
429 3138 647 3212 valebamus.
698 3137 756 3211 Ac
778 3136 927 3213 fortaiiu
949 3141 999 3213 ob
1022 3141 1115 3215 hanc
1142 3166 1225 3221 cau·

167 3238 235 3315 itm
256 3259 334 3313 non
350 3237 463 3313 modo
479 3236 739 3333 primogenitus
755 3233 806 3309 est
820 3239 936 3311 omnis
954 3255 1143 3334 creature,
1164 3244 1226 3333 sed

168 3340 547 3439 etiam'intetpretttur
563 3336 676 3408 homo
692 3333 828 3427 Adam3
854 3356 935 3414 eum
951 3339 1094 3415 dicente
1113 3341 1225 3419 Paulo

168 3440 281 3516 Adam
300 3439 353 3512 his
373 3438 517 3511 verbis:
559 3437 699 3507 Uiuimus
714 3435 815 3507 Adam
833 3441 872 3508 in
883 3438 1038 3537 spiritum
1052 3445 1227 3539 vivifican·
1315 3486 1320 3519 t

169 3559 240 3615 tm.
1239 3582 1242 3589 ·

244 3659 302 3713 21.
329 3633 649 3710 Praeteretdicitur
663 3634 768 3709 etiam
783 3636 994 3729 principium
1011 3637 1056 3712 de
1073 3639 1228 3734 ustione,

170 3724 291 3833 in'qua
308 3733 450 3809 titione
468 3730 557 3806 inest
574 3731 654 3807 finis
671 3734 813 3826 quidam
829 3733 911 3831 post
927 3736 1151 3833 principium.
1178 3738 1229 3819 Et

173 3838 322 3912 observa
348 3855 394 3907 tn
423 3832 591 3927 sapientia
618 3832 829 3925 principium
855 3829 1033 3911 antonum
1062 3838 1230 3916 Deieni·

172 3938 262 4017 iient
283 3939 357 4014 iioc
371 3933 485 4011 modo
497 3931 648 4033 intelligi
664 3934 771 4029 poffit
787 3933 857 4010 effe
875 3934 1099 4036 principium.

663 4134 752 4241 ῦς
1160 4078 1230 4208 nn„
