2817 4575
325 343 391 426 ru
425 339 725 472 rotumam
761 339 971 421 rouus
1007 347 1051 424 x.
1143 287 1214 446 aaa
1317 365 1321 376 ’

144 506 208 590 sub
236 512 331 585 iliam
356 529 478 584 veram
501 509 618 605 legem
641 506 795 602 primurn
820 527 1015 600 puerorum
1038 528 1140 584 more
1160 511 1215 585 in·

147 611 270 687 struiii
294 610 387 706 apud
412 617 596 681 curatorea'
622 605 656 682 tr
682 626 919 701 oeconomos,
954 607 1073 694 donec
1097 610 1213 683 aderit

146 736 190 786 ea
209 712 382 805 temporis
398 707 607 802 plenitudo,
635 726 713 798 quae
734 707 807 779 iilic
828 703 901 796 est,
928 705 1085 782 officium
1104 708 1156 782 est
1172 711 1215 783 il·
1310 763 1319 790 ι

147 816 219 884 lius
235 809 435 904 sapientie,
462 803 539 901 q'uae
558 809 595 881 in
612 803 784 900 mysterio
804 802 1010 880 abscondita
1026 808 1114 898 fuit,
1140 830 1216 884 nra«

144 908 313 985 nifestare
338 908 371 981 tc
396 908 587 986 contueri,
614 925 692 995 quae
715 905 760 980 de
784 907 873 977 cibis
892 907 971 1001 lege
995 905 1212 997 sanciuntur,
1237 945 1248 996 ,¹
1319 959 1325 972 -

144 1030 224 1101 quae
251 1007 412 1100 symbola
437 1005 522 1080 sunt·
539 1025 689 1096 eorum,
716 1025 793 1097 qua
813 1006 886 1078 iilic
909 1010 1085 1080 nutritura
1109 1005 1210 1092 sunt,
1298 1067 1301 1074 .

143 1110 352 1200 fortemque
376 1106 556 1182 redditura
575 1107 727 1180 animam
746 1101 912 1179 notitam.
964 1106 1017 1178 At
1037 1127 1129 1178 vero
1150 1111 1231 1181 ali-.

145 1227 253 1302 quern
276 1224 412 1280 temere
439 1209 666 1301 imaginatum
693 1201 795 1277 fuiss‘e
816 1218 992 1280 tantarum
1012 1207 1213 1305 intelligen-

144 1312 274 1382 tiarum
291 1308 460 1402 pelagus,
489 1308 748 1396 volentemque
763 1300 905 1377 servare
925 1306 1112 1395 quomodo
1134 1308 1212 1380 cul·

146 1406 206 1481 tus
227 1405 405 1500 presentis
427 1406 501 1477 loci
519 1403 695 1497 specimen
715 1415 822 1494 atque
838 1404 964 1477 umbra
979 1404 1019 1477 fit
1036 1404 1211 1498 supercoe·

146 1506 307 1597 lestium,
333 1507 592 1596 volentemque
614 1503 817 1593 intelligere
841 1501 1002 1577 vidimus
1023 1503 1056 1578 dt
1075 1525 1208 1601 ovem,

145 1605 349 1702 precedere
375 1625 416 1679 ac
439 1602 603 1695 superare
621 1603 689 1674 erit
711 1600 946 1695 Apostolum,
976 1605 1034 1693 qui
1056 1606 1211 1697 pruden-

145 1709 230 1781 tiam
246 1704 388 1799 quidem
407 1702 564 1777 nostram
583 1704 721 1798 erigere
740 1701 860 1773 voiuit
879 1723 898 1775 a
915 1699 1142 1799 dogmatibus
1162 1706 1210 1779 de

144 1810 225 1901 lege
243 1805 419 1895 terrenis,
436 1820 561 1895 parum
577 1813 694 1875 tamen
712 1799 869 1873 ostendit
886 1802 1072 1890 quomodo
1088 1804 1211 1880 futura

106 1973 123 1988 ,
147 1907 216 1980 smt
238 1904 324 1977 haec.
375 1899 436 1974 Sin
458 1921 551 1974 vero
572 1897 941 1989 etiamfestivitates,
968 1922 1113 1993 quarum
1138 1925 1212 1979 una

86 1999 111 2034 ³
148 2005 202 2077 est
221 1999 367 2094 pascha,
395 2003 438 2075 ad
458 1999 616 2080 futurum
637 1995 804 2074 seculum
823 2003 1065 2093 reducuntur,
1093 2004 1212 2077 adhuc

85 2117 102 2156 ⁷
146 2104 259 2198 magis
275 2100 565 2174 consrderandum
578 2095 630 2173 est
645 2100 833 2191 quomodo
848 2100 953 2172 etiam
971 2120 1068 2173 nunc
1082 2102 1212 2194 pascha
1317 2129 1320 2140 ’

92 2235 103 2278 ;
148 2203 311 2278 nostrum
331 2202 535 2276 immolatus
551 2198 600 2280 iit
617 2197 808 2278 christus,
834 2198 867 2270 dc
889 2199 926 2272 in
946 2198 1129 2295 posterum
1147 2204 1214 2284 inr-¹

148 2304 354 2379 molabitur.

85 2476 105 2495 μ
228 2423 285 2490 13.
308 2398 488 2490 -Caeterum
506 2397 550 2470 ad
565 2398 659 2473 hanc
677 2397 883 2497 dogmatum
906 2396 1110 2476 nostrorum
1135 2422 1215 2498 per-

85 2500 99 2518 '
144 2504 359 2599 plexitatem
384 2518 498 2591 pauca
521 2497 600 2570 sunt
621 2500 728 2572 nobis
750 2499 930 2598 addenda,
960 2521 1037 2591 quae
1059 2500 1212 2576 tradatu

85 2600 96 2633 ²
144 2616 301 2699 egerent
316 2597 486 2694 praecipui
498 2617 542 2668 ac
561 2599 677 2692 magni
698 2597 800 2686 libri,
829 2618 977 2687 quicque
993 2602 1143 2673 omnino
1158 2622 1216 2689 re·

85 2712 89 2765 :
144 2702 337 2795 quirerent
360 2696 541 2789 mysticam
562 2696 599 2769 in
623 2700 702 2792 lege
725 2695 933 2770 existentem
953 2699 1153 2790 rationem,
1179 2700 1215 2772 dt

141 2797 343 2895 praesertim
367 2812 484 2869 rerum
506 2815 626 2869 earum
647 2797 848 2886 rationem,
876 2814 951 2886 quae
969 2795 1050 2871 sunt
1069 2798 1104 2871 in
1122 2797 1216 2871 festi·
1302 2879 1305 2888 .

140 2900 352 2990 vitatibus,
380 2911 487 2985 atque
503 2895 612 2991 etiam
628 2898 739 2992 magis
759 2897 946 2990 praecipuae
962 2917 1089 2972 eorum
1100 2951 1110 2988 ‚
1122 2972 1124 2977 ,
1138 2920 1217 2988 quae

142 3000 194 3076 ad
224 2993 353 3092 pascha
380 2997 574 3087 pertinent.
630 2994 816 3092 Quocirca
840 2996 1045 3092 Judaeorum
1071 2998 1217 3088 quidem

142 3096 305 3197 pascha,
331 3100 415 3169 ovis
433 3092 505 3184 cst,
533 3113 609 3185 quae
631 3095 861 3186 immolatur,
889 3112 994 3186 quam
1018 3094 1138 3193 finguli
1154 3096 1218 3172 srbi

142 3198 297 3295 sumunt
310 3215 375 3289 pet
395 3193 524 3267 domos
540 3191 771 3276 familiarum,
791 3194 824 3265 dt
841 3192 1026 3287 perficitur
1044 3216 1124 3275 cum
1141 3199 1220 3291 plu·

134 3299 254 3375 ,ribus
272 3295 491 3384 myriadibus
506 3313 680 3389 agnorum
698 3291 732 3367 dt
749 3292 936 3368 hoedorum
955 3296 1101 3387 occisis,
1115 3301 1221 3391 juxta
1269 3323 1272 3331 ’

144 3396 439 3494 proportionem
449 3392 585 3465 numeri
594 3393 786 3466 domorum
796 3393 942 3487 populi:
958 3393 1117 3470 nostrum
1129 3415 1221 3469 vero

143 3495 287 3595 pascha
303 3512 371 3586 pro
389 3493 495 3566 nobis
512 3491 716 3567 immolatus
729 3489 780 3566 est
794 3489 963 3568 Christus.
1013 3492 1152 3568 Rursus
1168 3496 1222 3568 illi

135 3613 285 3687 -azyma
312 3591 475 3682 habent,
510 3589 641 3664 cessare
669 3589 845 3665 facientes
875 3590 920 3662 dc
952 3592 1117 3667 domibus
1151 3592 1221 3669 suit

150 3715 270 3770 omne
299 3691 549 3784 ¹fermentum:
590 3708 661 3764 nos
688 3702 807 3764 autent
835 3686 1047 3766 festivitates
1087 3695 1223 3791 agimus

97 3862 100 3867 .
152 3817 228 3868 mon
248 3799 287 3864 in
301 3790 607 3883 sermomonem,
631 3814 730 3887 neque
746 3793 783 3859 in
794 3786 953 3881 sermenm
970 3794 1100 3864 malitia
1116 3794 1153 3869 ὼ·
1168 3820 1225 3864 ne·
1270 3830 1273 3839 =

153 3898 291 3994 quirice,
309 3890 363 3982 sed
382 3896 420 3959 in
435 3895 558 3985 uaporis
568 3886 765 3985 finierimus
779 3889 818 3964 di
833 3895 998 3965 ueritatis.
1049 3890 1109 3966 An
1131 3912 1225 3966 vero

127 4024 135 4033 ·
156 4006 298 4095 praeter.
316 3991 376 4073 iila
398 3989 495 4085 duo,
522 3997 600 4082 quae
624 3990 796 4089 diximut,
820 3987 862 4063 iit
880 3989 1059 4083 quoddam
1080 3995 1236 4065 tertium

215 4084 596 4209 origenismum.
716 4092 718 4099 '
787 4083 858 4166 Eu
1062 4087 1213 4179 pnicum
