2817 4575
184 492 187 496 4
234 371 236 376 ’
333 384 722 490 throtmunni
759 384 970 468 nonus
1005 349 1089 468 its
1152 403 1223 488 m

157 561 228 636 leo
251 553 420 634 &iecori
444 552 478 626 u
503 552 634 645 quovit
654 548 739 625 ferri
761 549 1019 646 instrumento,
1033 565 1087 624 ‘ut
1103 556 1227 632 turbu·

160 663 303 736 lentum
317 655 408 730 nihil
424 652 629 745 sequeretur
647 652 840 742 intemplo
859 651 939 723 Dei.
980 649 1138 732 Proinde
1152 673 1228 750 rur·
1272 703 1274 708 -

164 757 223 832 sur
238 768 368 830 contra
384 755 473 834 hos,
499 754 558 843 qni
577 753 689 824 litere
704 747 884 842 serviunt,
904 747 1136 842 questionem
1150 773 1243 830 mov

164 877 261 932 veo:
283 856 373 952 ·Qui
389 850 467 926 heri
485 862 651 944 poterat,
676 864 718 924 ut
739 848 908 936 chiliades
934 846 1117 948 otioginta
1141 854 1230 948 lapi·

164 955 325 1030 citiarum
343 973 424 1029 cum
447 949 584 1042 client,
602 946 846 1046 ,edificarent
862 950 990 1025 domus
1012 951 1082 1024 Dei
1106 953 1229 1044 lapidi.

162 1058 235 1132 but
259 1054 376 1145 duris,
410 1050 589 1136 candidis,
619 1070 739 1142 neque
763 1052 917 1141 malleo,
949 1070 1068 1144 neque
1093 1052 1228 1150 securi,
1290 1137 1298 1150 p

164 1153 229 1234 seu
244 1154 378 1244 ¹alliquo
403 1151 489 1226 ferri
514 1148 751 1225 instrumento
777 1150 899 1222 audito
916 1150 953 1223 in
970 1151 1082 1226 domo
1099 1153 1228 1250 ipsius,

165 1255 251 1330 dum
269 1251 343 1346 ipsa
360 1248 622 1326 edificareturi
657 1249 754 1323 Vide
774 1270 890 1342 vero,
916 1270 964 1325 ne
983 1249 1082 1326 forte
1099 1254 1231 1330 viven-

164 1369 223 1430 ter
247 1351 407 1447 lapicidis
434 1350 591 1444 lapidee,
617 1348 690 1425 line
711 1348 860 1444 strepitu
885 1346 968 1424 letti
995 1351 1029 1424 dr
1052 1357 1231 1438 tumultu,

164 1450 417 1529 exscindantur
444 1450 572 1527 alicubi
598 1462 700 1523 extra
720 1451 916 1543 templum,
941 1463 983 1522 ut
997 1452 1113 1546 parati
1129 1455 1230 1528 veni.

166 1568 231 1630 ant
247 1552 290 1626 ad
306 1548 487 1630 struuurae
508 1551 629 1625 locum
650 1551 942 1649 convenientem.
993 1551 1091 1650 Quin
1111 1549 1231 1628 ascen·

168 1653 225 1730 sua
243 1651 385 1743 quidam
400 1647 452 1723 est
464 1650 559 1722 circa
574 1649 721 1725 domum
733 1647 804 1722 Dei
817 1668 895 1723 non
910 1646 1046 1724 habent
1065 1654 1231 1750 anguloa,

168 1751 229 1830 sed
243 1751 420 1834 flexiones
433 1748 607 1826 redarum
622 1749 807 1823 linearum.
857 1747 1037 1842 Scriptum
1051 1747 1102 1836 eii¹
1118 1754 1231 1834 enim:

169 1854 220 1928 Et
236 1849 377 1942 ascensus
387 1850 543 1946 flexuosus
560 1863 631 1921 etot
645 1850 686 1920 ad
707 1852 839 1919 medium
855 1849 1033 1921 aidanum
1039 1871 1054 1936 ,⁴
1078 1849 1117 1930 θ
1133 1880 1154 1924 a
1169 1863 1243 1940 nra„

168 1955 222 2036 dio
236 1976 330 2049 usquc
349 1950 389 2022 ad
408 1956 543 2022 tertium
555 1949 710 2046 lquaorc.
740 1946 956 2023 Flexuosum
971 1950 1065 2023 enim
1084 1949 1155 2030 effe
1170 1975 1234 2032 ne·

172 2049 266 2132 celse
284 2062 365 2130 etat
381 2050 417 2123 in
439 2048 507 2123 Dei
525 2049 662 2141 templo
678 2045 854 2122 ascensum
871 2045 1006 2141 ipsum:
1032 2051 1127 2126 linea
1144 2047 1234 2130 obli·

172 2171 242 2244 qua
257 2145 396 2242 ascensu
412 2147 489 2242 ipso
506 2149 671 2229 imitante
685 2149 857 2225 circulum
873 2147 1108 2238 aequlffimum.
1131 2202 1133 2207 ,
1151 2153 1231 2249 Jam

169 2269 264 2326 vero
287 2263 329 2323 ut
352 2249 479 2329 domus
504 2248 645 2325 hecht
668 2244 790 2336 firma,
818 2243 1038 2327 edificantur
1056 2249 1106 2324 illi
1128 2271 1234 2345 quarn

138 2366 144 2379 ¹
167 2350 410 2447 pulcherrime
421 2351 566 2422 vincula
581 2350 738 2440 quinque
754 2363 819 2440 per
835 2362 952 2423 totam
972 2349 1235 2432 domumuniua

157 2450 283 2524 'cubiti
307 2449 579 2527 altitudinerut
604 2448 774 2523 innua'tur
799 2446 932 2523 debere
953 2468 1023 2523 nor
1043 2448 1236 2533 ascendere

168 2553 208 2627 in
232 2548 378 2623 sublime
400 2569 420 2620 a
443 2549 550 2621 rebus
579 2544 796 2622 seniibilihus
818 2548 862 2621 ad
888 2565 953 2622 eor
977 2546 1115 2642 sensus,
1141 2568 1265 2645 quoa*

170 2650 318 2723 divinos
343 2662 482 2721 vocant
492 2669 508 2720 r
542 2645 742 2722 contuendi
768 2665 811 2720 ac
833 2648 1104 2741 contemplandi
1134 2652 1238 2731 causa
1291 2734 1294 2741 ,

168 2768 342 2841 reseas,
368 2768 445 2839 quae
475 2746 595 2823 animo
623 2761 830 2841 cernuntur
883 2743 1002 2821 Porro
1031 2748 1235 2843 beatiorum

167 2848 328 2941 lapidum
351 2848 454 2929 locut
478 2846 538 2921 ille
561 2841 630 2924 esse
647 2845 814 2932 videtur,
841 2845 901 2938 qui
926 2862 1084 2924 vocatur
1104 2850 1236 2937 Dabitr

169 2948 236 3025 ubi
259 2967 341 3025 arca
367 2943 572 3043 testamenti·
593 2943 746 3024 Domini
770 2957 874 3037 erat,
900 2944 934 3024 dt
959 2945 1238 3046 chirographum

172 3046 247 3143 (ut
268 3049 324 3141 ita.
345 3043 494 3143 dicam)
516 3043 614 3138 nei,
639 3065 773 3141 nempe
800 3046 929 3122 tabule
956 3045 1094 3142 scriptae
1122 3053 1237 3151 digito

173 3147 293 3242 ipsrua.
344 3144 397 3221 At
421 3159 502 3220 tota
523 3143 652 3221 domur
677 3146 880 3224 inauratur:
910 3140 1160 3234 neamenim,
1183 3154 1239 3231 in·

175 3250 274 3341 quit,
301 3247 421 3335 domum
443 3271 523 3316 outo
544 3251 780 3343 circumquaque
797 3250 934 3320 curauit
955 3272 1053 3343 usque
1066 3253 1107 3326 od
1119 3253 1237 3348 persa.

172 3353 294 3431 tiomnt
319 3347 475 3433 uniuersa
498 3349 625 3441 tiernus.¹
675 3343 852 3443 Praeterea
879 3344 953 3423 duo
980 3345 1175 3429 Cherubim
1201 3354 1239 3433 ill

171 3445 291 3521 Dabir
312 3462 434 3539 erant,
461 3446 559 3535 quod
583 3446 730 3541 proprie
753 3448 978 3540 interpretati
1006 3468 1082 3525 non
1109 3448 1239 3545 potue·
1273 3520 1276 3527 .

172 3562 276 3639 runt,
293 3547 351 3638 qui
367 3567 427 3620 res
442 3543 610 3620 Ebraicae
626 3543 836 3620 inGraecum
850 3545 1114 3627 transtulerunt.
1133 3550 1238 3627 Abu·

172 3645 251 3725 five
278 3661 396 3727 autem
419 3646 559 3739 qnidam
579 3647 679 3723 hunc
704 3647 826 3724 locum
852 3645 1020 3730 dixerunt
1041 3653 1238 3747 templum,
1307 3679 1312 3687 ·

175 3745 276 3841 quod
296 3745 544 3831 honorabilius
570 3746 707 3838 templo
731 3743 909 3825 existeret.
962 3743 1142 3827 Caeterum
1160 3774 1238 3849 quoe

174 3846 213 3920 in
240 3847 352 3919 domo
377 3844 479 3937 lunt,
505 3841 597 3922 fiunt
625 3857 707 3921 tota
731 3865 862 3940 aurea,
888 3848 925 3922 in
952 3845 1110 3945 lignum,
1139 3852 1240 3946 quod

174 3966 278 4022 mens
304 3946 456 4021 omnino
483 3943 869 4039 perfettaaccuranm
895 3944 1144 4027 discretionem
1179 3952 1240 4027 ha·

174 4049 261 4126 beat
278 4066 421 4145 rerum,
438 4067 516 4141 qun
534 4062 657 4128 mente
671 4050 946 4145 percipiuntur
969 4070 1051 4145 nuo:
1068 4051 1253 4139 quoniam

668 4145 710 4226 li
740 4170 759 4249 ς
1007 4198 1023 4211 r
1061 4146 1287 4224 ommno*
