2817 4575
304 371 375 450 m-
402 357 696 469 Jonuurnr
733 317 936 440 ro'uus
975 365 1024 440 v.
1113 384 1187 460 249
1251 355 1261 372 “

126 538 316 620 tationem.
364 531 436 606 Sed
451 530 629 622 Joanner,
654 528 713 617 qui
729 539 838 618 caput
852 545 962 600 unum
979 524 1188 618 devoravit,
1245 541 1249 551 ·
1298 546 1302 568 ·

126 637 232 733 cujus
247 634 427 727 anteriora
447 631 480 701 dt
500 628 698 722 posteriora
717 626 909 717 perscripta
927 637 1049 711 erant,
1070 627 1188 720 Scrip·
1276 695 1278 702 s

126 752 243 814 turam
260 754 402 810 omnem
419 730 598 824 intelligit,
617 739 658 799 ut
672 728 798 830 librum
817 746 925 797 unum
943 723 1188 824 suavillrmum,

128 833 384 930 quamprimum
405 829 625 924 percipitur,
653 846 735 898 cum
758 826 835 923 quis
859 846 940 899 eum
960 830 1073 900 veluti
1091 854 1188 906 man·
1239 858 1245 888 ··

128 939 204 1026 dit,
233 935 398 1006 acerbum
418 951 509 1003 vero
527 925 804 1018 uniuscujusque
823 946 969 1013 eorum,
986 934 1049 1016 oui
1064 953 1190 1025 perce·

126 1049 297 1132 petunt,
317 1028 429 1105 sensui
454 1052 495 1102 ac
520 1025 770 1114 conscientiae,
809 1043 885 1116 quae
914 1024 1025 1117 ipsum
1055 1037 1189 1124 prodit.
1295 1037 1297 1056 '

126 1136 268 1209 Addam
297 1146 468 1226 praeterea
492 1127 535 1200 ad
567 1130 642 1218 ejus
667 1127 718 1198 rei
741 1121 1032 1223 firmamentum,
1061 1133 1191 1212 ditium

127 1234 299 1328 Apostoli
317 1252 488 1323 nusquam
505 1224 734 1302 intelledlum·
747 1228 790 1296 ab
804 1227 862 1316 iia,
882 1228 940 1318 qui
963 1229 1192 1309 Marcionem

128 1333 351 1417 alludamus,
371 1331 430 1422 qui
450 1323 815 1423 proindeEvangelia
832 1324 1062 1421 aspernantur
1080 1334 1113 1403 dt
1129 1335 1193 1410 im·¹
1268 1341 1272 1348 ’

127 1437 304 1536 probant:
330 1430 428 1525 quod
449 1431 543 1528 enlm
562 1429 610 1500 ait
626 1424 843 1520 Apostolus:
882 1426 1053 1500 Secundum
1075 1437 1193 1505 Evam

125 1536 242 1629 gessum
262 1557 360 1603 meum
378 1537 415 1600 iu
440 1530 561 1624 curun
580 1527 684 1624 Jefrr,
713 1545 782 1597 nec
802 1525 889 1598 dicit
905 1525 1192 1627 Evangelia‚.slll

130 1637 216 1708 huic
235 1631 330 1720 dit'to
347 1632 573 1704 imminentes
599 1625 775 1713 afferunt,
803 1632 965 1719 eoquod
987 1650 1063 1704 non
1089 1638 1191 1727 plura
1307 1667 1312 1692 ι

129 1735 199 1808 sant
217 1731 435 1826 Evangelia,
454 1725 669 1822 Apostolum
689 1746 845 1828 numero
867 1730 1010 1803 unitatis
1029 1730 1195 1829 Evange·
1248 1793 1251 1799 .

128 1836 218 1918 lium
240 1829 383 1919 dixisse3
410 1830 460 1904 ob
485 1828 592 1921 idque
609 1846 687 1899 non
705 1827 945 1919 intelligentes
968 1835 1195 1922 quemadmo·
1288 1885 1300 1904 ,.

132 1936 217 2008 dum
233 1953 324 2005 unus
347 1929 416 2017 est,
443 1948 547 2020 quem
565 1927 682 2020 plures
699 1926 909 2020 praedicant,
936 1929 982 2003 stc
997 1953 1105 2007 unum
1123 1933 1194 2007 elie

130 2036 296 2115 virtute,
330 2029 429 2123 quod
459 2050 478 2101 a
505 2012 637 2100 multia*
659 2022 826 2114 scriptum
858 2027 917 2099 est.
942 2029 1191 2126 Evangelium.
1248 2055 1270 2086 *¹

130 2131 182 2207 Et
200 2151 330 2205 revera
347 2129 445 2221 quod
466 2147 530 2220 per
547 2139 702 2218 quatuor
718 2124 884 2216 scriptum
909 2128 981 2218 est,
1009 2151 1116 2206 unum
1142 2131 1194 2224 est
1217 2208 1226 2216 ,

132 2228 383 2326 Evangelium.
435 2231 559 2325 Quare
585 2226 705 2300 srhaee
730 2222 835 2299 fidem
862 2225 983 2303 facere
1008 2234 1099 2322 apud
1123 2233 1193 2311 not

135 2332 302 2428 poliunt,
320 2330 403 2419 quid
420 2330 461 2402 srt
476 2350 567 2399 unus
583 2328 695 2410 liber,
715 2327 747 2399 u
766 2325 847 2416 quid
864 2331 987 2416 multi,
1009 2355 1105 2406 nunc
1122 2338 1194 2409 rna·

133 2437 188 2529 gia
206 2431 492 2516 sumsollicitus,
516 2448 593 2500 non
609 2427 749 2517 quidem
764 2444 913 2518 propter
930 2436 1194 2510 multitudinem

131 2534 372 2628 scriptorum,
401 2529 459 2601 sed
479 2539 629 2621 propter
646 2528 720 2599 vim
740 2527 1026 2623 intellesiorum,
1053 2535 1193 2607 nefor.
1223 2544 1228 2549 ·
1259 2552 1261 2561 ·
1307 2608 1309 2618 Ι

123 2630 193 2707 ‘san
219 2651 265 2704 eo
290 2631 479 2723 prolabar,
513 2642 552 2697 ut
578 2626 779 2699 mandatum
806 2628 1022 2721 transiliam,
1057 2633 1079 2704 sr
1109 2636 1195 2726 quid

126 2744 265 2850 ¹praeter
288 2731 480 2802 veritatem
505 2737 675 2815 tunquam
697 2728 886 2799 veritatem
902 2749 1104 2824 exponam,
1134 2736 1196 2807 vel

112 2854 173 2907 ‘tn
189 2851 264 2904 uno
284 2849 446 2901 meorum
466 2827 820 2902 commentariorum.
859 2824 956 2900 Tum
977 2834 1071 2903 enim
1090 2832 1195 2908 fuero

134 2935 332 3008 multorum
350 2929 522 2999 librorum
541 2925 711 3016 scriptor:
737 2945 891 3017 cumque
906 2946 1003 2999 nunc
1021 2928 1135 3021 specie
1152 2954 1194 3006 ac

139 3042 319 3127 praetextu
339 3029 560 3122 cognitionis
575 3025 767 3099 alienarum
784 3027 995 3117 opinionum
1013 3028 1146 3103 alieclae
1159 3033 1197 3106 ln

135 3129 286 3207 sannam
306 3128 374 3200 Dei
395 3123 584 3198 Ecclesram
602 3121 802 3220 insurgant,
823 3126 856 3198 tr
877 3129 1070 3202 multorum
1089 3134 1198 3206 libro·
1280 3132 1283 3143 '

135 3227 514 3331 rumpomposrtiones
533 3223 743 3319 divulgent,
759 3224 885 3314 quibua
898 3223 1197 3323 Evangelicarum

137 3333 173 3403 dr
198 3326 488 3421 Apostolicorum
514 3320 811 3395 constitutionum
836 3325 1099 3417 exposrtionem
1119 3335 1199 3426 pol·
1310 3398 1316 3410 ,

136 3432 317 3514 licentur3
342 3426 366 3499 sr
387 3429 458 3518 jam
484 3425 665 3514 sileamus,
691 3443 759 3496 nec
781 3425 849 3495 illis
871 3424 1085 3500 salutaria&
1112 3451 1199 3505 vera

137 3533 358 3602 documenta
374 3543 616 3618 apponamus,
633 3522 755 3595 avidas
773 3523 806 3594 dt
820 3523 959 3617 jejunas
976 3528 1107 3602 animas
1126 3532 1197 3608 cibi

136 3630 263 3722 inopia
285 3628 562 3720 expugnabunt3
591 3621 632 3719 acl
655 3626 786 3695 vetitas
810 3623 844 3694 dt
868 3628 1019 3700 omnino
1042 3628 1196 3721 imputat

138 3725 465 3814 abominandasque
479 3722 572 3795 escas
584 3719 802 3796 festinantes.
832 3724 1198 3822 Quareneceliemilri

137 3831 285 3902 videtur
301 3822 390 3914 elle,
410 3845 511 3909 eum,
533 3821 591 3912 qui
609 3820 679 3894 sme
699 3823 824 3895 fraude
843 3844 885 3896 ac
901 3828 1201 3918 praevaricationo

140 3925 262 4025 potest
280 3944 349 4016 pro
371 3917 618 3994 Ecclesiastico
638 3918 802 3996 sermone
825 3937 1007 4000 oratorem
1029 3925 1064 4000 se
1091 3931 1235 4017 inter-2

141 4047 296 4130 ponere,
312 4022 345 4097 dt
362 4043 426 4100 eor
447 4021 649 4108 confutare,
667 4025 726 4111 qui
740 4022 860 4102 falsam
873 4025 940 4103 sibi
953 4029 1222 4121 cognitionem

216 4148 227 4167 ²
377 4136 389 4153 ‘¹
643 4121 681 4225 Q
709 4149 729 4223 5
973 4124 1212 4232 antimum,

771 4320 788 4377 κ,
825 4354 828 4359 .
