2817 4575
139 535 306 631 (Patrem
323 538 366 610 ab
380 536 434 609 his
448 534 739 632 cognoscendum
754 535 855 632 elle,)
866 557 946 612 curn
957 557 1066 614 unum
1083 554 1203 636 erunt,

90 691 102 724 ἶ.
137 638 229 712 ficut
247 635 379 727 Filius,
407 633 567 710 &Pater
591 657 701 711 unum
724 636 813 712 sunt.
867 635 1020 737 Quodsi
1041 640 1118 730 quis
1138 661 1203 733 pu·-

91 787 95 826 ,
137 747 193 816 tet
217 756 287 810 nos
312 758 333 810 a
356 757 394 807 re
416 733 586 830 digreffos
608 734 731 830 soille,
759 738 840 829 quia
859 738 934 812 hec
958 736 1200 834 differuimus,

91 829 94 844 '
136 855 244 910 unam
261 836 425 930 principii
440 833 733 931 significationem
757 839 1011 930 explanantes,
1037 836 1122 912 sciat
1142 839 1201 914 bic

134 933 231 1012 hanc
249 935 286 1008 di
311 933 496 1010 reffionern
514 935 557 1009 ad
571 955 666 1016 rem,
692 937 737 1009 de
759 957 828 1029 qua
846 938 982 1035 agitur,
1008 936 1042 1009 b
1058 933 1199 1034 utilem,

137 957 417 1113 abecedarium
437 1033 550 1109 fuille.
600 1034 695 1109 Nam
712 1033 735 1109 u
754 1037 991 1133 principium,
1016 1049 1057 1110 ut
1078 1038 1200 1114 transr-
1281 1127 1285 1132 ⁸

85 1223 87 1242 Ι
136 1146 193 1208 ors
220 1133 295 1226 est,
323 1135 450 1206 &vie
476 1134 791 1230 &longitudinis3
816 1137 1101 1230 principiumque
1126 1139 1197 1212 viae

99 1287 102 1296 -
124 1231 241 1308 ,bonae
257 1232 308 1306 est
325 1233 447 1308 facere
457 1233 568 1326 julla,
595 1233 777 1311 sciendum
800 1235 851 1309 est
868 1235 1056 1327 quomodo
1080 1238 1197 1312 omnis

133 1333 192 1406 via
206 1333 307 1408 bona
323 1334 537 1426 principium
552 1335 682 1410 habeat
699 1335 818 1408 iacere
829 1335 942 1430 justa,
968 1333 1049 1429 post
1064 1337 1202 1427 princi·

134 1433 347 1530 piumlvero
372 1436 743 1530 contemplationem,
770 1435 1014 1529 &quomodo
1036 1449 1197 1512 contern-

90 1583 93 1602 ;
131 1531 342 1628 piationem.
1015 1587 1020 1595 .
1315 1610 1318 1616 .

89 1681 92 1701 ι
209 1653 269 1724 17.
296 1630 447 1706 Rursum
461 1631 512 1707 est
529 1632 636 1708 etiam
655 1636 868 1729 principium
883 1634 978 1708 aliud
992 1629 1197 1733 generatio:

131 1733 205 1807 uis:
234 1734 334 1824 quod
351 1733 465 1805 videri
484 1732 604 1824 potest
621 1734 658 1806 in
673 1734 748 1808 hoc
772 1734 888 1808 dicio:
916 1736 957 1807 ln
994 1741 1130 1834 rinciprb
1143 1732 1196 1826 fr·

133 1838 176 1904 rit
196 1837 287 1904 Deus
305 1833 411 1903 roelrrrn
428 1830 467 1909 (Ἰ
488 1848 619 1920 terram,
672 1831 743 1907 Sed
768 1837 923 1927 apertius
943 1756 1073 1928 idJob
1094 1834 1197 1930 figni-

132 1928 281 2007 frcaturn
305 1932 380 2007 hoc
404 1933 579 2008 enuntiari
606 1933 788 2020 arbitror,
813 1934 868 2007 hir
893 1935 1036 2006 verbis:
1070 1932 1197 2029 Hocefl

111 2031 114 2044 '
132 2037 331 2130 principium
342 2034 493 2126 figmenti
517 2036 651 2104 Domini
670 2030 816 2122 fufium,
840 2050 877 2102 nr
897 2035 1049 2104 idudarur
1065 2032 1102 2103 ab
1120 2037 1194 2106 An·

92 2219 95 2226 Ι
133 2133 210 2226 galis
230 2136 313 2223 [uis.
364 2131 483 2207 Pollet
506 2132 600 2208 enim
626 2133 800 2224 quispiam
822 2130 1020 2207 existimare
1042 2134 1194 2213 coloro,

132 2233 168 2305 dr
184 2247 318 2308 terram
334 2232 512 2327 principio
536 2229 625 2308 falla
641 2229 742 2307 fuille
756 2245 838 2307 ante
854 2232 995 2324 omnia,
1022 2228 1195 2325 quaesunt

85 2339 88 2371 ¹
130 2331 306 2407 inmundi
323 2335 570 2429 generatione.
617 2330 686 2406 Sed
709 2335 833 2404 melius
851 2331 922 2427 est,
948 2348 989 2404 ut
1009 2329 1195 2405 sententie
1237 2336 1239 2340 '

131 2432 203 2527 Job
225 2433 346 2507 habita
368 2432 530 2526 ratione,
557 2453 638 2505 cum
658 2434 770 2507 multa
792 2432 880 2523 fint,
907 2453 984 2524 que
1005 2435 1041 2506 in
1061 2451 1195 2526 corpo-

130 2533 231 2604 ribus
252 2529 342 2604 fadla
366 2530 492 2624 fuere,
519 2534 651 2625 primus
675 2551 824 2625 eorum,
851 2552 929 2622 que
955 2533 1089 2604 suntin
1113 2551 1195 2603 cor·
1313 2542 1327 2629 ζ

131 2651 247 2725 pore,
273 2630 384 2704 iarius
407 2631 543 2721 inille,
570 2634 630 2723 qui
644 2633 842 2725 appellatur
856 2631 1006 2723 Draco,
1033 2633 1195 2705 nomina·

130 2745 190 2805 tus
217 2734 323 2804 etiam
347 2731 477 2803 alicubi
499 2750 664 2827 maguum
692 2743 802 2819 cete,
831 2731 930 2821 quod
952 2731 1042 2803 vicit
1067 2729 1196 2805 Domi-

132 2850 214 2905 nus.
264 2829 526 2922 Sciendumque
550 2827 601 2902 est
625 2826 823 2902 neceliario
846 2850 927 2903 cum
949 2827 1064 2901 Sancti
1083 2831 1194 2903 vitam
1306 2892 1308 2897 .

131 2930 250 3004 omnir
268 2931 423 3003 materiae
444 2929 682 3021 corporisque
702 2941 890 3021 expertem
914 2931 950 3000 iu
974 2928 1195 3003 beatitudine

129 3030 384 3109 traducerent,
410 3050 494 3103 num
511 3031 567 3122 is,
594 3029 654 3118 qui
672 3029 795 3102 Draco
811 3029 1028 3120 appellatur,
1055 3027 1194 3120 postea·

85 3107 96 3199 Ι
129 3148 237 3226 quarn
256 3150 275 3201 a
291 3130 366 3201 vita
382 3149 470 3223 pura
491 3127 646 3216 excidit,
672 3130 798 3224 dignus
816 3127 907 3221 fuit,
933 3130 991 3220 qui
1015 3143 1099 3200 ante
1118 3149 1194 3204 orn·

131 3230 190 3304 nia
212 3230 249 3302 in
273 3228 469 3302 materia&
494 3248 652 3320 corpore
675 3229 864 3325 ligaretur:
891 3244 933 3302 ut
952 3241 1104 3322 propter
1118 3228 1194 3303 boc

85 3234 92 3417 d
128 3325 353 3423 respondens
375 3326 557 3402 Dominus
576 3347 640 3421 per
659 3330 864 3419 turbinem,
890 3315 924 3400 dr
944 3327 1058 3400 nubes
1078 3326 1193 3398 dicat:

85 3452 90 3515 ·,
133 3432 204 3502 Hoc
221 3428 262 3525 ‘fl
273 3432 470 3523 principium
480 3429 639 3521 ,figmenti
660 3430 815 3515 Domini,
835 3424 962 3520 folium
982 3442 1018 3496 ut
1039 3428 1193 3496 idudotur

132 3531 171 3601 ab
187 3528 320 3625 Angelis
333 3526 425 3617 suis,
450 3523 528 3600 fieri
554 3529 647 3600 enim
673 3526 816 3621 potest,
843 3541 882 3599 ut
906 3527 1028 3599 Draco
1049 3547 1124 3599 nou
1150 3524 1193 3601 stt

85 3647 90 3727 ᾗ
133 3629 287 3703 omnino
301 3628 522 3720 principium
540 3622 701 3723 figmenti
722 3627 894 3719 Domini,
920 3624 978 3699 sed
999 3640 1039 3696 ut
1062 3627 1196 3700 multo·

133 3744 231 3822 mm,
259 3746 337 3820 quac
363 3726 453 3801 faita
478 3724 546 3800 srnt
570 3720 803 3818 incorpore,
830 3741 871 3797 ut
893 3724 1127 3797 illuderentur
1149 3728 1193 3799 ab
1314 3742 1317 3751 ·

133 3828 308 3925 Angelis,
332 3824 381 3899 fit·
396 3828 456 3901 hic
479 3825 603 3899 Draco
626 3825 861 3918 principium,
890 3818 968 3897 cum
986 3824 1114 3918 polsrnt
1135 3827 1194 3896 ali·

134 3928 194 4021 qui
216 3925 372 4002 existere
397 3930 434 4001 in
457 3945 639 4019 corpore3
671 3925 766 3999 haud
789 3926 838 3998 ita
861 3937 991 4001 tamen.
1051 3923 1195 3998 Etenim

139 4046 250 4105 surrua
266 4027 350 4103 solis
363 4032 401 4109 in
417 4047 574 4123 corpore
588 4023 779 4198 estbatque
798 4025 903 4101 etiam
919 4024 1081 4101 universa
1099 4042 1196 4098 crea·
1254 4044 1256 4049 '

586 4150 589 4155 ·
701 4146 721 4218 3
1045 4138 1148 4222 tura,

85 178 108 666 ι
246 481 251 489 ¹
318 369 1071 472 .1N·JonNNuMTOMus1.-·
1164 397 1210 474 53
