2817 4575
265 277 268 284 ’
344 332 410 410 ru
444 271 990 432 Josuuuut‘rortu's
1030 330 1101 410 vr.
1168 354 1261 430 ιη

169 490 431 570 ctussmetirm
457 492 626 589 scriptum
643 492 720 567 estu
741 493 858 589 Jtsisr
881 495 1062 584 Dominus,
1089 496 1129 571 tr
1139 496 1239 593 justi,
1311 541 1315 552 -

168 605 235 666 tias
253 595 385 667 dilexit.-
412 595 458 668 irc
477 596 573 669 enim
595 596 632 668 in
649 593 747 667 veris
768 593 1049 688 exemplaribus,
1076 594 1109 668 dt
1131 612 1233 674 cete·

166 695 214 766 ris
235 695 488 800 traditionibus
503 692 606 786 juxta
622 689 875 789 Septuaginta,
902 692 1028 788 &ipso
1044 685 1242 771 Hebraico
1274 783 1277 794 Ι
1307 685 1310 696 '

166 791 385 871 invenimus.
438 793 575 890 l'nspice
600 811 693 866 vero
718 812 801 866 num
823 790 891 864 isto
915 793 1027 867 modo
1054 796 1121 867 slis
1143 813 1231 888 quo-

167 915 260 986 que,
289 915 365 986 quae
382 894 541 968 Christus
557 891 627 966 eiie
642 893 773 966 dicitur
790 891 1032 988 srngulsritet,
1057 914 1127 988 pro
1147 912 1233 988 por-

164 996 342 1087 portione
366 995 621 1087 multiplicata,
647 994 803 1085 plurium
827 1012 979 1066 numero
1005 991 1124 1068 efferri
1152 994 1232 1090 pos·

165 1094 255 1168 sint:
281 1096 383 1167 verbi
403 1098 531 1190 gratis,
560 1091 718 1166 Christus
737 1090 786 1164 est
803 1095 878 1166 vita
896 1092 1037 1182 nostra,
1064 1097 1229 1185 quemad·

164 1193 314 1267 modum
328 1196 502 1288 Servatur
517 1187 589 1288 ipse
606 1193 739 1286 inquit:
770 1195 834 1287 Ego
851 1194 923 1282 sum
939 1199 1018 1276 via,
1044 1199 1170 1265 veritas·
1190 1195 1229 1271 (5
1311 1255 1317 1272 ,

163 1299 264 1364 uita:
290 1292 323 1365 &
346 1292 564 1388 Apostolus:
592 1296 857 1391 Quandocumque
882 1293 1023 1389 Chrt'flut
1046 1291 1227 1392 muntfefio·

164 1409 222 1464 ists
230 1392 341 1485 suerii
357 1406 430 1465 viro
445 1395 559 1491 nolito,
577 1412 654 1465 tuuc
668 1393 707 1470 di
721 1419 777 1464 vot
793 1420 862 1462 cum
880 1393 930 1464 t'It
945 1385 1231 1492 montssflsbitnini

163 1519 204 1563 m
220 1496 335 1588 gioria.
385 1494 518 1568 Rursus
534 1496 571 1567 in
595 1492 741 1567 Psalmis
759 1494 944 1585 scriptum:
973 1496 1091 1572 Μάιον
1109 1497 1229 1583 miseri·
1269 1523 1272 1530 ·

159 1600 267 1666 cordia
286 1612 342 1664 itta
355 1595 449 1691 super
467 1600 566 1665 vitat.
621 1592 714 1667 Nam
736 1596 815 1685 quia
834 1593 990 1668 Christus
1007 1597 1043 1668 in
1060 1615 1228 1686 unoquo·

164 1717 236 1786 que
267 1692 357 1768 inest
382 1699 487 1787 vita,
522 1694 608 1767 ideo
632 1695 914 1786 multiplicantur
944 1698 1056 1785 vitaep
1076 1695 1227 1772 forratis

163 1791 372 1868 istomodo
397 1796 430 1866 ἀ
452 1794 537 1866 iilud
561 1791 836 1885 inquirendum:
871 1796 963 1866 Num
981 1802 1228 1889 experimentum

162 1900 309 1991 quatirt's
326 1900 415 1990 ejus,
443 1901 499 1990 qui
517 1899 554 1963 t‘tr
572 1918 618 1961 mr
632 1892 775 1990 quuitur
792 1885 959 1986 Christus?
990 1888 1116 1967 Ferme
1133 1896 1229 1972 enim

163 1997 201 2068 in
220 2013 445 2085 unoquoque
461 1992 581 2067 saneto
598 1990 757 2066 Christus
775 1993 981 2084 invenitur,
1008 1992 1146 2066 &fiunt
1162 2013 1228 2087 per

164 2115 276 2168 unum
304 2093 487 2174 Christum¹
506 2094 607 2167 muiti
635 2090 790 2186 Christi,
824 2092 917 2165 illius
940 2094 1158 2180 imitatores,
1192 2096 1227 2168 dc

162 2194 409 2268 transformati
440 2196 484 2268 sd
512 2195 605 2267 iilius
628 2193 915 2285 srmiiitudinem,
949 2194 1007 2285 qui
1034 2190 1083 2265 est
1107 2196 1226 2292 imago

162 2294 255 2369 Dei:
281 2294 378 2368 unde
394 2316 458 2389 per
474 2294 693 2388 Prophetam
711 2295 828 2385 inquit
844 2292 961 2367 Deus:
986 2298 1045 2379 ,Ne
1057 2299 1227 2387 tetigeritis

165 2394 306 2489 Christos
332 2421 420 2470 mess.
473 2393 585 2493 Quod
610 2394 719 2490 igitur
742 2395 778 2466 in
803 2394 1004 2466 enarrando
1023 2390 1086 2468 visr
1109 2396 1227 2471 turnus

161 2492 387 2590 praeteriiffe3
416 2516 562 2586 nempe:
594 2498 713 2565 Gratia
726 2492 764 2568 di
782 2501 906 2565 vetitas
921 2517 978 2589 pet
1000 2497 1112 2588 Jessm
1132 2497 1227 2566 Citri-

154 2598 239 2693 Jirm
252 2592 342 2680 faiis
360 2596 412 2684 eli,
431 2596 551 2666 obiter
566 2614 662 2666 nunc
681 2594 933 2687 explicuimus:
951 2595 1092 2686 insuper
1110 2595 1228 2669 osten·
1287 2621 1289 2626 ·

163 2696 292 2768 dentes
322 2697 471 2789 Joarrnis
499 2693 663 2786 Baptistae
694 2695 786 2766 hanc
817 2691 887 2764 eiie
915 2713 1071 2780 vocem3
1110 2696 1227 2767 adhuc

162 2795 272 2869 etism
292 2815 354 2886 per
372 2795 447 2866 hec
463 2795 574 2865 verbs
592 2791 833 2866 testimonium
849 2792 1031 2865 reddentis
1050 2791 1127 2865 filio
1145 2794 1227 2870 Dei.

239 2916 276 2984 4.
302 2897 375 2981 Jtm
392 2914 480 2988 ergo
498 2895 681 2966 videamus
699 2892 889 2967 secundum
905 2893 1054 2987 Joannis
1071 2892 1228 2967 testimo·
1325 2894 1327 2899 ’

164 2996 275 3068 nium.
329 2991 357 3064 E
379 2991 639 3084 Hierosolymis
665 2993 799 3087 Judaei,
827 3012 895 3064 ceo
912 2989 1031 3065 affines
1048 2992 1226 3087 utpute,
1262 3055 1264 3058 .

166 3098 225 3187 qui
246 3114 446 3189 exgenere
468 3091 795 3182 sacerdotalium,
822 3090 1037 3165 Sacerdotes
1055 3095 1238 3186 mittunt,

165 3196 201 3267 dt
226 3192 377 3269 Levites
402 3197 712 3287 interrogaturos,
740 3194 817 3282 quis
840 3191 984 3265 tandem
1009 3191 1096 3265 eiiet
1118 3193 1227 3286 Joan-

165 3313 245 3368 nes.
297 3293 349 3363 At
367 3294 427 3366 ilie
445 3293 587 3364 dicens:
614 3294 695 3363 Non
711 3291 783 3380 sum
802 3313 849 3383 egr
872 3291 1035 3388 Citriflus,
1062 3293 1227 3364 veritatis

166 3390 426 3467 coerctionem
444 3393 572 3479 edidit,
598 3411 687 3483 nec,
715 3404 755 3465 ut
773 3391 895 3482 aliquis
913 3388 1074 3484 suspicari
1097 3389 1226 3483 puiset,

166 3512 233 3587 per
261 3493 337 3565 haec
360 3498 488 3566 verba:
516 3494 596 3563 Non
614 3494 685 3581 [sim
709 3516 756 3583 ego
781 3492 948 3589 Christus,
974 3494 1139 3585 negavit:
1165 3512 1229 3561 ne·

167 3614 238 3685 que
267 3600 359 3665 eninr
383 3593 528 3687 negatio
551 3590 622 3682 est,
650 3591 693 3663 ad
723 3586 850 3663 Christi
875 3592 1025 3686 gloriam
1052 3590 1171 3661 dicere
1195 3588 1229 3663 se

168 3714 245 3766 non
263 3688 535 3763 edie'Christum.
583 3688 762 3763 Caererum
781 3710 860 3762 cum
882 3685 1053 3763 sudiss'ent
1072 3691 1129 3779 qui
1146 3688 1230 3765 mitit
1262 3688 1264 3693 ’

168 3792 314 3866 fuerant
335 3813 355 3860 e
379 3790 715 3883 Hierosolymorum
734 3792 825 3863 urbe
847 3787 1081 3879 Sacerdotes,
1109 3789 1231 3862 &Le-

169 3893 277 3982 vitae,
303 3887 416 3983 ipsum
440 3911 516 3963 non
537 3886 607 3964 effe
627 3887 802 3963 Christum
828 3887 1089 3981 exspectatum,
1118 3890 1162 3961 de
1183 3887 1233 3962 se·

170 3990 317 4083 cundo,
344 3991 402 4081 qui
431 3987 635 4083 sperabatur
658 3986 816 4087 (nempe
838 3987 945 4087 Elis)
971 3991 1072 4081 cuius
1097 4007 1243 4059 nomen

222 4094 369 4184 Otigsnt't
392 4084 477 4167 Turn
498 4090 603 4168 XIII.
799 4163 801 4167 ,
824 4087 850 4162 8
1087 4083 1221 4176 meum
