2817 4575
327 359 720 458 monumen
758 360 969 446 sonus
1005 360 1034 441 1.
1159 364 1209 464 a>

141 523 257 601 modo
276 537 486 599 autemnon
507 523 644 598 bonum
662 522 714 597 est
732 522 914 622 resurgere
937 525 1120 601 hominem
1147 545 1208 602 exi

144 624 245 701 culso
262 627 415 717 pulvere
433 625 467 696 dr
482 626 724 713 mortalitate,
743 625 886 715 hocque
905 647 924 697 a
941 628 1104 701 Domino
1120 624 1205 700 alla·

101 762 103 765 v
141 726 226 817 qui,
253 725 443 799 secundum
471 723 568 813 quod
592 722 666 822 ipse
689 715 860 820 Jesus‘est
884 725 1115 818 resurre'ilio,
1143 724 1203 818 qui

139 826 248 899 etiam
271 825 408 917 inquit:
451 823 516 917 Ego
534 824 606 911 sum
631 821 842 912 refirrreiiio?
892 824 1048 920 Quin&
1073 824 1202 900 ostium

85 985 87 1022 ,
141 925 270 1018 etiam,
296 944 361 1018 per
384 923 482 1013 quod
507 923 550 995 ad
579 922 743 996 summam
763 924 1020 1010 beatitudinem
1046 928 1123 1017 quir
1149 926 1207 998 in·-

85 1047 87 1056 ·
138 1024 321 1120 graditur,
348 1021 399 1096 est
424 1024 574 1096 bonum.
624 1020 678 1093 At
699 1021 856 1096 Christus
878 1026 1012 1113 inquit:
1048 1027 1113 1118 Ego
1127 1026 1201 1114 sum

137 1124 259 1221 ulium.
313 1122 410 1222 Quid
426 1142 519 1196 vero
537 1142 628 1213 opus
647 1121 698 1195 est
716 1127 827 1196 verba
848 1124 968 1198 facere
992 1123 1037 1197 de
1057 1124 1201 1222 Sapien-

136 1225 207 1318 tia,
235 1243 340 1316 quam
367 1223 515 1294 Condidit
538 1220 633 1304 Deus
653 1229 690 1296 in
710 1227 809 1296 inilia
833 1228 961 1297 uiarum
981 1222 1135 1316 fiturum,
1160 1228 1200 1298 in

138 1346 228 1422 spara
237 1323 322 1414 sua,
341 1342 417 1413 oua
433 1321 654 1418 adgaudebat
672 1327 772 1396 Pater
787 1322 916 1417 ipsius,
943 1324 1141 1399 oblediatus
1159 1324 1199 1417 in
1236 1391 1238 1396 .

136 1420 329 1498 multifaria
349 1421 453 1515 ipsius
475 1421 738 1520 pulchritudine
756 1425 991 1520 intelligibili,
1019 1432 1096 1515 quae
1114 1423 1197 1511 solit

85 1555 88 1614 ρ
136 1520 437 1597 intelleiiualibus
458 1522 573 1594 oculis
596 1523 779 1615 cernitur,
806 1543 954 1614 quaque
973 1524 1196 1599 considerans

85 1679 88 1686 .
136 1637 206 1699 tem
222 1620 381 1696 divinam
394 1621 694 1715 pulchritudinem
717 1624 758 1695 ad
777 1643 937 1696 amorem
957 1624 1131 1699 coelestum
1144 1624 1197 1698 in·
1319 1633 1324 1648 “

85 1713 88 1720 ’
135 1721 255 1798 vitati
288 1720 429 1796 Bonum
451 1722 547 1796 enim
566 1720 618 1794 est
632 1721 814 1814 Sapientia
834 1724 915 1797 Dei.
951 1725 1001 1795 At
1017 1724 1088 1797 hoc
1105 1743 1197 1814 quo·

137 1842 225 1915 que,
249 1834 379 1917 praeter
405 1841 471 1911 ea,
500 1841 577 1913 quae
596 1819 697 1912 supra
721 1821 985 1910 recensuimus,
1012 1825 1035 1892 ii
1059 1842 1195 1895 annun·

138 1925 241 2015 tlant,
260 1918 415 2014 quorum
429 1919 539 2017 pedes
555 1918 635 1992 sunt
650 1920 801 2013 pulchri.
838 1920 1006 1995 Potentia
1021 1920 1090 1993 Dei
1106 1941 1196 2015 praa·
1308 1955 1311 1959 >

131 2034 235 2114 terea
262 2018 431 2100 otiavum
459 2018 567 2092 nobis
592 2018 729 2092 bonum
755 2034 1029 2110 annumeratur,
1056 2021 1115 2112 qui
1143 2018 1197 2098 est

136 2118 305 2196 Christus.
354 2119 492 2194 Verum
510 2119 699 2194 enimvero
714 2118 807 2191 haud
822 2117 962 2192 silentio
979 2131 1196 2211 pretereun-

90 2267 93 2278 ι
135 2223 216 2299 dum
236 2219 291 2296 est
310 2218 398 2294 illud
415 2219 601 2310 Verbum,
627 2217 726 2311 quod
751 2217 831 2312 post
851 2218 992 2292 Patrem
1009 2216 1195 2293 universo·

135 2424 236 2500 bono
258 2416 310 2500 est
329 2418 489 2492 inferius.
541 2413 667 2510 Itaque
680 2420 798 2510 beati,
824 2420 883 2510 qui
902 2419 1102 2496 admiserint
1117 2420 1209 2492 hee·

137 2523 251 2612 bona,
279 2521 410 2610 orsique
430 2520 659 2613 perceperint
676 2539 737 2608 ea,
764 2521 896 2608 abiis,
922 2521 981 2612 qui
1001 2521 1113 2612 pedes
1133 2520 1195 2592 ha·

134 2622 221 2701 bant
235 2620 429 2713 pulchros,
445 2631 552 2709 atque
566 2620 626 2710 qul
642 2619 901 2713 evangelizant.
933 2619 1194 2693 Verumtamen

135 2721 296 2813 quamvis
318 2717 528 2790 Corinthius
557 2719 729 2807 quispiam
752 2717 935 2808 extiterit,
968 2717 1062 2808 apud
1086 2737 1197 2808 quam
1316 2801 1318 2805 ,

136 2820 283 2897 affirmet
298 2815 425 2893 Paulus
443 2814 476 2888 se
494 2816 579 2889 nihil
600 2814 707 2899 scire,
734 2817 796 2890 nisi
812 2814 926 2906 Jesum
945 2814 1142 2901 Christum,
1159 2814 1195 2885 da

136 2920 228 2994 hunc
242 2917 386 3010 quidem
402 2911 610 2988 crucifixum
625 2913 845 3005 edoctusque
861 2915 959 2988 hunc
971 2911 1209 2990 nostrieausa,
1250 2936 1260 2950 ’

135 3019 318 3099 hominem
332 3013 462 3089 fastum
482 3015 640 3111 attigerit
661 3016 761 3093 initia
776 3018 980 3104 bonorum,
1007 3015 1036 3086 is
1061 3015 1105 3089 ab
1127 3015 1194 3088 ho·

135 3121 228 3197 uino
254 3114 335 3210 Jesu
359 3113 401 3190 ht
425 3114 536 3193 homo
565 3115 654 3196 Dei,
679 3114 713 3187 dr
736 3135 782 3186 ex
800 3128 920 3191 morte
937 3111 1013 3210 ejus
1034 3115 1193 3190 moriens

136 3232 311 3313 peccatos
342 3214 476 3295 Etenim
492 3215 572 3310 quod
588 3216 639 3284 isa
657 3233 799 3287 mortuus
807 3214 881 3306 fuit
896 3233 1033 3309 peccato,
1051 3231 1194 3284 mortuus

96 3372 99 3377 .
137 3319 173 3417 pi
181 3319 277 3408 semel
288 3343 300 3387 .-
328 3337 373 3390 ex
388 3316 463 3388 uita
479 3334 572 3387 vero
588 3312 714 3406 ipisus,
739 3315 907 3407 quoniam
926 3314 1022 3409 Jesus
1041 3311 1092 3387 est
1105 3312 1193 3387 illud

137 3419 233 3516 quod
249 3417 358 3506 vivit,
371 3415 467 3489 vivit
483 3412 567 3486 Deo
587 3414 843 3507 unusquisque,
860 3415 893 3489 ds
910 3414 1109 3492 conformis
1120 3413 1194 3490 far·

137 3532 190 3595 tus
208 3512 466 3601 resurreiiiono
494 3516 568 3605 ejus
586 3514 658 3590 hoc
677 3511 890 3603 assequitur,
915 3531 957 3585 ut
978 3514 1081 3588 vivat
1097 3511 1193 3589 Deo.

139 3620 227 3714 Quis
238 3629 360 3709 autem
372 3616 549 3709 ambigat,
564 3634 606 3685 an
619 3612 848 3705 ipsa-justitia,
867 3613 937 3705 ipsa
952 3608 1194 3699 santlihcatim
1309 3672 1311 3677 .

141 3734 243 3809 itque
257 3713 564 3809 ipsaredemptio,
579 3712 620 3786 sit
632 3711 796 3786 bonum?
823 3734 900 3804 quae
918 3714 1023 3784 etiam
1043 3711 1127 3804 ipsa,
1139 3713 1195 3805 Je·
1211 3740 1215 3754 2

140 3814 207 3891 sum
225 3813 538 3908 evangelizantes,
555 3813 822 3906 evangelizent:
842 3813 1004 3885 dicentes
1025 3833 1104 3885 eum
1121 3810 1196 3884 fac·

142 3913 323 3991 tumfuisse
338 3912 444 3987 nobis
455 3909 651 4004 justitiama
666 3912 766 3998 Deo,
784 3913 817 3984 dr
834 3908 1145 3984 saniilhcationem
1162 3911 1196 3982 dr
1268 3951 1270 3956 ·

96 4008 105 4171 ζ
145 4011 439 4119 redemptionem.
465 4010 519 4091 Ex
538 4012 591 4092 his
607 4032 692 4193 srgp
708 4012 1215 4189 licebirinrslligsresaspe

95 4124 109 4191 .'
444 4121 449 4127 ’
708 4141 735 4217 4
1161 4129 1189 4187 e
1242 4151 1274 4200 ·.

85 1731 94 2262 ἱ

135 2343 210 2400 tum
237 2319 289 2399 est
313 2320 425 2395 Deus.
476 2318 642 2411 Namque
668 2318 963 2396 &borbonum
990 2322 1092 2393 nullo
1120 2320 1192 2392 alio
