2817 4575
211 461 215 472 ,
342 323 421 462 'ru
442 382 733 480 Jorunnm
770 382 979 462 Tomos
1017 383 1067 460 n.
1160 367 1273 483 151*

162 553 266 643 ignis.
316 546 372 620 Ut
388 546 642 628 enim'lirmmr
657 550 772 638 clara,
799 551 932 639 pariter
949 545 1136 637 dilucida,
1154 549 1227 639 jam

155 669 262 734 ¹vero
284 649 391 720 etir'm
413 650 515 740 ignea
544 646 618 740 est,
645 645 679 718 dt
704 647 947 740 consumptrix
972 635 1238 740 materialium‚'·

164 747 216 828 iic
234 750 332 819 oculi
352 747 423 842 (ut
436 751 485 818 ita
501 746 640 836 dicam)
655 749 857 836 Sermonis,
885 748 1011 838 quibus
1029 747 1062 819 dt
1080 747 1152 842 ipse
1171 747 1226 819 ui

166 850 254 937 det,
281 847 315 920 u
341 849 496 938 quisquis
515 847 609 918 illius
632 846 742 918 fuerit
763 850 964 940 particeps,
988 862 1225 939 praeterquam

164 947 267 1037 quod
287 948 491 1038 percipiunt
505 946 739 1039 intelligibilia
755 968 819 1037 per
838 968 899 1038 ea,
926 968 1003 1037 quae
1020 949 1057 1019 in
1075 945 1152 1040 ipso
1172 947 1226 1019 in·
1326 983 1333 992 ·

165 1047 268 1140 sunt,
294 1043 515 1137 conficiunt,
542 1045 575 1116 u
601 1047 848 1120 demoliuntur
870 1061 1071 1138 conceptus
1088 1037 1228 1121 trallio-

162 1167 223 1218 res
245 1149 279 1241 dt
302 1146 409 1238 magis
429 1146 649 1232 materiales,
676 1146 864 1238 omnibus,
879 1145 1225 1238 quomodocumque

162 1245 257 1321 falsis
274 1245 505 1340 gracilitatem
527 1246 558 1316 ἃ
578 1244 789 1318 tenuitatem
807 1245 971 1317 veritatis
993 1244 1226 1340 fugientibus.
1265 1283 1270 1300 ι

162 1348 285 1419 Valde
309 1360 427 1417 autem
453 1346 618 1417 ordinate
641 1342 826 1435 postquam
851 1345 990 1417 induxit
1011 1343 1225 1420 Sermonem

159 1447 381 1538 judicantem
402 1447 439 1514 in
456 1444 607 1535 justitia,
634 1447 667 1514 bt
693 1456 735 1515 ut
758 1445 898 1535 judicet
920 1441 1124 1536 injustitia,
1150 1445 1226 1515 bel·

162 1548 238 1638 ium
252 1558 459 1640 gerentem,
478 1559 584 1634 atque
603 1543 734 1616 deinde
755 1542 835 1636 post
852 1545 1007 1625 bellum,
1024 1543 1225 1618 illuminan·
1316 1569 1318 1588 ¹

162 1661 264 1736 tem,
289 1644 377 1716 illud
405 1640 648 1737 subjungitur3
682 1645 719 1714 in
744 1642 847 1736 ipfius
872 1648 990 1737 capite
1014 1646 1125 1718 multa
1153 1639 1226 1716 elie

162 1744 374 1818 diademata.
427 1741 521 1814 Nam
540 1741 564 1814 fi
583 1761 713 1831 unum,
734 1742 964 1817 &uniforme
980 1741 1066 1814 esset
1082 1742 1225 1817 menda·

165 1846 286 1934 cium,
313 1844 454 1933 dequo
479 1838 856 1933 prostratocoronam
877 1844 1056 1935 acciperet
1081 1840 1223 1934 vidior,
1301 1891 1303 1896 -

164 1941 331 2017 fidelis&
348 1962 460 2014 verax
483 1944 631 2032 Serm0‚
654 1943 736 2032 jure
757 1941 862 2014 etiam
878 1941 1025 2027 Sermo,
1052 1944 1110 2031 qui
1122 1939 1226 2033 supe·
1327 1991 1334 2002 -

164 2042 272 2117 saliet
296 2042 380 2114 Deo
400 2053 664 2135 repugnantes,
691 2037 843 2140 scriptus
867 2039 987 2113 fuiiiet
1009 2061 1086 2112 uno
1107 2039 1234 2120 diade-2

164 2158 262 2220 mate
280 2141 475 2236 insignitus.
512 2138 638 2222 ¹Nunc
658 2152 778 2212 autem
800 2143 912 2228 multa
936 2161 1018 2213 cum
1042 2140 1109 2213 srnt
1126 2158 1227 2214 men·

164 2244 289 2333 dacia,
315 2260 392 2334 quae
410 2236 630 2334 profitentur
643 2241 854 2333 veritatem,
881 2237 1226 2331 adversusquaebel·

163 2344 238 2417 lum
264 2362 392 2437 gerens
412 2342 471 2412 ille
489 2339 615 2413 Sermo
639 2354 872 2435 coronatur,¹
887 2342 998 2415 multa
1016 2339 1104 2429 sunt
1118 2343 1227 2413 etiam

165 2442 364 2517 diademata
379 2440 485 2531 capiti
501 2436 626 2511 cundia
641 2438 789 2513 nidoris
805 2440 979 2537 imposita.
1007 2441 1227 2538 Quinetiam
1316 2514 1318 2521 ,

163 2554 451 2632 unamquamque
474 2538 649 2611 abionem
676 2541 848 2612 rebellem
873 2539 1068 2633 superans,
1103 2540 1223 2614 multis

168 2643 317 2717 coronis
335 2642 383 2712 ob
401 2637 588 2711 vitiorium
601 2639 834 2728 multiplicem
852 2640 1047 2734 infignitur.
1099 2638 1224 2709 Diuus
1269 2722 1272 2727 ¹

167 2746 274 2814 etiam
298 2738 379 2834 post
405 2737 601 2811 diademata
624 2738 732 2830 capiti
755 2738 919 2832 imposita
937 2759 1072 2812 nomen
1089 2738 1225 2810 babere

165 2840 356 2935 seriptum,
384 2839 482 2928 quod
507 2857 616 2909 nemo
641 2838 752 2908 novit
775 2837 838 2912 nist
860 2837 958 2932 ipse3
993 2839 1102 2911 nouit
1129 2837 1224 2910 enim

151 2940 261 3015 ‘solus
284 2939 449 3030 quedam·
466 2940 639 3012 animatus
665 2937 725 3008 bic
748 2935 895 3027 Sermo,
922 2958 1002 3011 cum
1025 2937 1143 3009 nullus
1170 2937 1246 3008 iu·-

168 3043 259 3115 tueri
278 3037 381 3132 polilt
400 3058 455 3126 ea,
482 3057 559 3127 quae
575 3036 634 3108 ille
654 3037 944 3129 comprehendit,
970 3057 1017 3109 eo
1037 3035 1134 3130 quod
1152 3053 1225 3127 res,

169 3159 245 3231 quae
269 3136 441 3211 continue
461 3149 699 3232 generantur,
725 3136 834 3230 longe
855 3134 1047 3209 inferiores
1074 3136 1141 3211 sint
1165 3156 1225 3208 na-

168 3254 245 3312 ture
260 3236 377 3333 ipsius.
416 3237 539 3327 Atque
557 3237 662 3307 etiam
679 3232 829 3311 fortaffir
843 3233 1114 3331 soli'participes
1130 3235 1225 3307 iilius
1321 3283 1326 3299 ,

167 3338 351 3413 Sermonis
371 3337 528 3427 quaedam
548 3347 707 3422 norunt,
735 3355 811 3427 quae
827 3335 907 3408 sunt
922 3334 1131 3408 abscondita
1146 3354 1224 3407 non
1272 3371 1276 3397 ι

168 3437 460 3535 participantibus
476 3437 585 3508 illum.
622 3431 740 3505 Porro
757 3435 883 3510 Sermo
902 3436 961 3507 ille
982 3435 1050 3506 Dei
1066 3454 1141 3505 non
1161 3453 1227 3505 nu·
1248 3462 1250 3469 ·

169 3540 233 3610 dus
251 3559 272 3609 a
289 3536 436 3631 Joanne
445 3535 624 3624 cernitur,
650 3531 734 3608 dum
752 3556 847 3624 equo
866 3536 949 3607 albo
969 3534 1140 3624 vehitur,
1166 3529 1226 3606 sed

170 3635 407 3711 circumdatus
427 3634 526 3707 veste
540 3631 707 3728 sanguine
719 3633 840 3724 tineis,
855 3633 1145 3726 quandoquidem
1162 3655 1226 3706 ve·

169 3737 277 3834 stigiis
298 3734 447 3807 &notis
461 3734 698 3807 circumdatus
718 3734 768 3806 est
781 3734 908 3806 Sermo
927 3732 1037 3806 fedius
1059 3753 1165 3825 caro,
1192 3734 1226 3807 dr

169 3838 307 3909 idcirco
328 3836 435 3905 'etiam
451 3846 637 3923 mortuus,
666 3835 748 3922 quia
765 3853 851 3905 caro
869 3830 1003 3924 iatius,
1030 3835 1079 3906 ite
1097 3850 1137 3906 ut
1154 3833 1226 3906 sau·

171 3938 310 4033 guinem
334 3932 590 4026 superterram
618 3928 716 4005 suum
744 3931 966 4026 profuderit,
990 3934 1104 4004 milite
1132 3934 1226 4005 latus

172 4038 245 4129 ejus
259 4047 458 4133 pungente.
507 4032 674 4111 Pollionis
690 4052 845 4127 nemque
862 4032 990 4133 iilius,
1012 4032 1051 4108 u
1066 4031 1246 4106 sentens

132 4184 258 4250 ,Α
672 4133 765 4234 K4
1176 4127 1336 4231 Q.
