2817 4575
303 335 369 420 ru
404 333 697 439 Joruuuu
733 330 932 414 nouus
968 331 998 416 r.
1089 351 1180 439 .79

120 507 224 598 eujus
235 504 431 579 uehemens
447 501 653 577 defiderium
662 498 924 577 revelationem
940 497 1097 578 filiorum
1106 498 1182 576 Del

120 603 314 697 exspeiiat.
366 601 524 679 Observa
545 616 662 676 autem
682 598 897 694 addidimus,
923 601 1022 692 quod
1046 603 1083 675 in
1107 623 1183 676 me·

123 707 223 784 dium
246 704 418 798 produiia
437 701 573 778 fuerint
585 720 628 773 ea
643 701 775 773 verba:
804 701 866 795 Egi
882 701 953 790 sum
968 702 1029 780 iux
1046 704 1181 806 mli,

123 826 205 899 quae
250 802 369 878 offunt
384 803 490 878 etiam
501 803 546 875 de
562 797 738 895 discipulis
753 800 915 899 intelligi,
930 821 1011 876 cum
1027 801 1078 876 eia
1092 821 1183 895 quo·

125 925 199 998 que
213 827 316 1076 sesne
334 904 482 977 dixerit:
513 905 575 974 Vos
590 900 657 998 eslii
674 902 733 969 lax
748 901 870 972 mundi.
908 900 1088 994 Siquidem
1100 900 1183 976 sunt

125 1005 189 1099 qni
227 1004 430 1097 uspicantnr
450 1000 710 1094 prestantiores
731 1000 807 1073 aliia
832 1001 1003 1074 creaturis
1026 1022 1091 1075 eoa
1112 997 1184 1076 elle

125 1105 293 1180 homines
307 1137 327 1196 ‚·
353 1104 412 1194 qui
437 1105 481 1175 ab
506 1097 583 1194 ipso
607 1096 689 1197 Jesu
716 1098 852 1173 sincere
885 1098 1004 1173 edocti
1034 1100 1192 1178 fuerint)

124 1207 298 1306 Quorum
319 1203 376 1275 alii
402 1202 543 1291 quidem
562 1202 630 1275 hos
658 1200 822 1273 hominea
841 1212 986 1293 natura,
1013 1201 1069 1274 alii
1090 1219 1183 1276 uero

126 1305 292 1391 ratione,
308 1322 385 1394 que
401 1304 438 1377 in
454 1300 592 1376 idione
606 1298 793 1374 difficiliori
811 1295 989 1391 versatur,
1005 1301 1094 1379 talea
1110 1302 1185 1374 exi·

126 1403 219 1480 stete
238 1398 431 1490 affirmant3
445 1402 598 1494 majores
614 1402 707 1473 enim
722 1399 866 1472 labores
876 1398 1082 1494 maioraque
1096 1402 1185 1488 uitae

128 1502 317 1599 pericula,
349 1503 407 1591 qui
435 1519 541 1574 carne
570 1521 611 1573 ac
635 1496 802 1596 sanguine
831 1498 997 1572 constant
1029 1501 1185 1595 habere,

130 1623 234 1696 quern
251 1605 309 1692 qui
327 1602 484 1673 ethereo
502 1597 671 1695 corpoie.
722 1595 816 1673 Nam
831 1617 951 1691 neque
967 1597 1100 1673 lumina
1115 1611 1186 1672 cce-¹

131 1701 229 1778 lellia
253 1702 377 1774 dicunt
398 1719 554 1793 corpora
576 1716 719 1771 terrena
741 1697 766 1772 sr
787 1693 1029 1793 suscepillent,
1054 1720 1075 1772 a
1093 1700 1188 1793 peri·

131 1804 220 1876 culis
241 1801 415 1891 omnino,
440 1797 474 1872 dt
492 1819 511 1869 a
527 1798 714 1891 peccando
730 1798 899 1874 immunia
915 1796 1123 1893 presentem
1133 1800 1188 1872 vi·

131 1915 204 1976 tam
221 1896 422 1976 trasadlura.
474 1895 541 1971 Cui
559 1897 666 1972 etiam
680 1896 835 1991 rationi,
849 1898 908 1990 qui
926 1896 1053 1974 favent
1068 1897 1189 1991 Scrip-

110 2066 112 2070 .
133 2016 292 2074 turarum
316 1998 543 2088 quarumdam
563 1995 775 2072 testimoniis
793 1999 1061 2072 enuntiantibus
1080 1998 1190 2086 maxi·

132 2121 191 2175 ma
214 2102 259 2172 de
280 2097 507 2191 hominibus,
536 2091 936 2192 supervenientiarnque'
955 2093 1189 2193 promiffionia

85 2209 88 2246 l
134 2201 177 2274 ad
201 2199 386 2273 hominem
413 2201 593 2291 pertinere
618 2196 840 2284 dicentibus,
863 2193 957 2279 usuri
985 2194 1080 2271 sunt:
1106 2213 1190 2272 cum

136 2314 253 2375 tamen
271 2299 345 2372 hoc
367 2296 477 2391 ipsum
494 2297 539 2371 de
558 2294 741 2390 creatura,
768 2299 849 2390 vel,
875 2313 916 2371 ut
933 2299 1191 2388 intelleximus,

137 2399 181 2475 de
212 2396 350 2474 mundo
379 2396 579 2489 testimonia
609 2397 685 2472 hec
718 2418 794 2473 non
822 2400 1045 2493 promittant.
1097 2396 1192 2471 Illud

138 2500 248 2574 enim:
289 2502 334 2568 Ut
353 2522 425 2590 ego,
451 2498 488 2573 U
511 2514 548 2569 iu
566 2510 674 2571 'unum
688 2498 819 2589 sumas,
845 2517 885 2569 aar
906 2496 947 2575 U
969 2499 1024 2596 a'pfi
1047 2503 1085 2569 a'n
1101 2497 1192 2570 nobis

138 2622 236 2671 ιιιιιιιιι
251 2597 336 2692 fini:
367 2597 422 2668 dc:
456 2596 515 2669 Ubi
535 2621 582 2690 ego
601 2596 690 2684 sum,
717 2600 779 2668 ilic
798 2601 863 2669 erit
880 2595 920 2675 θ
938 2599 1080 2695 minister
1095 2623 1191 2689 meas,

92 2760 98 2779 .
138 2709 261 2793 aperte
277 2697 323 2768 de
336 2695 541 2771 hominibus
561 2693 727 2792 scriptum
746 2695 817 2786 est3
843 2697 888 2772 de
904 2713 1066 2773 creatura
1085 2718 1193 2781 vero,

92 2842 98 2915 ἰ
140 2797 235 2891 quod
249 2798 421 2871 liberatur
438 2799 480 2868 ab
498 2797 663 2869 interitus
681 2796 918 2891 corruptione
935 2797 972 2871 in
988 2792 1194 2874 libertatem

93 2920 99 2975 ι
138 2900 260 2995 glorie
280 2893 436 2969 liliorum
465 2894 545 2970 Dei.
595 2889 712 2971 Etiam
737 2896 893 2989 addent,
919 2916 995 2971 non
1021 2896 1196 2972 filibera·

141 3011 194 3073 tur
216 2994 288 3095 jem
312 2997 417 3069 etiam
438 2995 653 3089 participem
674 2994 746 3079 else
776 2994 931 3073 filiorum
958 2997 1029 3071 Dei
1056 2998 1193 3092 glorie.

140 3092 227 3171 Non
241 3095 394 3171 silebunt
412 3108 531 3168 autern
553 3099 659 3169 etiam
677 3094 754 3188 isti,
780 3096 1059 3193 primogenitum
1076 3101 1195 3174 omnir

141 3211 330 3284 creature,
355 3212 425 3287 pro
443 3214 492 3265 eo
508 3194 674 3285 honore,
698 3212 774 3287 quo
788 3195 971 3271 hominem
984 3210 1114 3289 praeter
1130 3217 1196 3274 cc·

143 3309 216 3372 tera
239 3292 541 3387 prosequebatur,
572 3293 756 3389 hominem
780 3291 934 3386 saelum,
968 3315 1044 3370 non
1066 3296 1196 3373 animal

141 3392 447 3489 rliquodcoelelie.
482 3392 580 3491 Quin
598 3394 706 3469 etiam
721 3394 838 3468 rursus
853 3394 988 3473 addunt
1003 3393 1196 3474 ministram

140 3494 327 3575 &savam
344 3492 573 3589 cognitionis·
593 3486 673 3584 Jesu
696 3490 858 3585 stellam,
885 3495 1018 3587 quein
1042 3494 1197 3573 Oriente

101 3604 104 3633 ¹
144 3595 320 3688 apparuit,
348 3608 502 3665 creatam
523 3588 646 3682 inille,
670 3594 732 3666 uel
749 3591 895 3668 fimilem
920 3592 1064 3686 reliquis
1084 3595 1196 3681 astrlr,

102 3658 110 3715 Ι
145 3696 200 3768 uel
209 3687 362 3768 forcalle
379 3691 483 3764 etiam
499 3688 794 3784 prestantiorem,
808 3694 1197 3793 quippequaeomnium

106 3856 111 3889 ;
145 3790 447 3882 prestantillimum
456 3788 664 3885 designaret.
691 3790 841 3889 Quodfi
857 3793 1092 3888 gloriationes
1101 3794 1198 3887 sane·

146 3902 258 3970 totuin
276 3890 411 3966 suntin
427 3886 696 3983 diffitionibus,
720 3893 779 3983 qui
793 3892 903 3978 sciunt
918 3887 1127 3981 affltennim
1138 3915 1198 3992 pa·¹

147 4014 206 4065 rua
215 3997 432 4093 pacientiam
440 3994 639 4086 pacientiam
645 4012 728 4062 uara
733 3990 973 4091 prolationem,
986 3993 1211 4092 probationum

253 4148 256 4153 .
1094 4115 1180 4166 W·

83 4236 102 4325 l
