2817 4575
162 267 168 278 ⁸
300 287 325 408 ’.
357 331 422 411 ru
449 273 754 436 joauuunt
790 329 997 448 aeuus
1033 331 1087 412 11.
1131 391 1136 402 .
1176 359 1245 438 135

172 519 258 576 rum
275 497 430 588 Deum,
440 515 569 590 nempe
587 494 750 587 Patrem,
777 494 812 566 dt
830 511 960 586 prater
974 495 1093 570 Deum
1112 519 1241 579 verum

116 619 119 626 ·
171 602 313 676 multos
329 593 441 682 faties
456 594 556 667 Deos
571 593 847 689 participatione
859 594 949 668 Dei:
977 610 1145 671 verentes
1160 601 1239 694 glo·

171 702 265 773 riam
291 697 387 791 ejus,
414 693 473 786 qui
494 716 640 768 omnem
664 709 863 767 creaturam
884 699 1081 788 praeceilit,
1107 702 1237 791 aequari

169 799 319 889 reliquis
335 796 581 868 obtinentibus
601 796 877 888 appeliationem
894 796 963 867 Dei
979 797 1051 869 srne
1065 801 1235 892 articulo,
1265 797 1278 818 ²

170 911 307 993 praeter
333 897 448 968 datam
471 893 729 984 differentiam,
762 915 828 987 per
856 915 959 983 quarn
986 896 1105 971 Deum
1129 910 1235 994 meyer

170 998 327 1072 diximus
343 996 487 1082 reliquis
503 995 669 1068 omnibus
687 993 765 1066 Diis
783 994 977 1069 ministrum
994 995 1063 1068 erse
1078 996 1235 1093 deitatis,

170 1099 281 1172 etiam
306 1096 385 1168 hec
409 1092 612 1168 differentia
633 1092 683 1168 est
707 1095 931 1209 apponenda
984 1092 1036 1166 Ea
1061 1099 1155 1170 enim
1179 1120 1235 1173 ra·

170 1198 250 1282 tio,
277 1216 371 1292 quae
381 1200 417 1266 in
441 1193 580 1309 singulis
607 1196 758 1267 rationis
786 1196 975 1296 capacibus
1002 1194 1112 1288 inest,
1140 1220 1233 1274 eam·

169 1296 255 1371 dem
280 1295 590 1412 comparationem
610 1283 718 1367 habet
744 1294 785 1364 ad
807 1296 901 1368 illam
928 1295 1128 1389 rationem,
1154 1317 1233 1388 qum¹

167 1396 209 1469 in
225 1397 404 1488 principib
420 1395 512 1484 apud
529 1392 646 1467 Deum
665 1393 733 1481 est,
750 1391 897 1467 &Deus
915 1392 966 1467 est
982 1406 1107 1489 nopae,
1126 1417 1231 1487 quam

168 1498 280 1569 habet
297 1491 405 1566 Deus
428 1504 533 1587 >sopor
559 1493 633 1588 (id
659 1493 710 1566 est
732 1492 886 1590 ratio),
910 1494 985 1568 stne
1010 1497 1163 1568 articulo
1186 1496 1231 1568 ad

167 1593 296 1668 Deum
311 1589 409 1666 ilium
432 1614 514 1666 cum
538 1596 703 1667 articulo.
754 1592 810 1665 Ut
831 1596 923 1668 euim
946 1591 1052 1666 Pater
1072 1592 1231 1680 αὐτοθεος

168 1691 274 1788 (hoc
298 1691 353 1768 est
369 1712 433 1788 per
455 1690 489 1765 se
508 1690 631 1783 Deus,
659 1693 819 1764 &verus
844 1691 971 1781 Deus)
991 1691 1026 1765 se
1050 1694 1158 1768 babet
1185 1695 1230 1770 ad

135 1873 140 1882 ,
167 1795 376 1888 imaginem,
402 1791 496 1864 &ad
512 1793 681 1886 imagines
700 1793 881 1884 imaginis,
900 1813 1002 1885 quam
1021 1796 1070 1869 ob
1092 1793 1230 1870 causam

167 1895 277 1966 etiam
302 1893 469 1965 dicuntur
493 1892 657 1967 homines
681 1911 759 1963 non
780 1889 849 1965 esse
873 1894 1070 1985 imagines,
1097 1893 1155 1967 sed
1184 1893 1229 1967 ad

165 1995 375 2089 imaginem,
400 1993 448 2066 src
472 1991 569 2064 hunc
591 1993 629 2068 iu
652 1992 798 2065 modum
824 1988 859 2063 se
880 1992 989 2066 habet
1007 1990 1080 2083 ipse
1100 2003 1229 2089 nopae,

159 2092 241 2166 boc
257 2091 310 2165 est
326 2090 402 2186 ipsa
427 2105 544 2184 retro,
571 2093 615 2164 ad
635 2113 736 2170 eam,
762 2111 838 2183 quae
858 2089 963 2163 estin
986 2089 1162 2187 fingulis,
1176 2113 1230 2166 ra·

165 2196 319 2286 tionem.
360 2190 524 2282 Utraque
542 2194 636 2264 enim
654 2193 774 2264 locum
791 2193 962 2264 obtinent
976 2189 1090 2264 fontis
1108 2192 1141 2264 u
1157 2193 1229 2265 ori

164 2292 277 2389 ginib3
301 2279 406 2367 Pater
425 2293 566 2383 quidem
584 2294 759 2366 divinitat
735 2306 800 2383 trs,
826 2291 936 2365 Filius
952 2312 1044 2364 vero
1059 2303 1128 2388 nep
1126 2295 1228 2383 a(id

116 2392 217 2483 est
240 2388 434 2485 rationis).
487 2392 799 2488 Quemadmodum
824 2412 912 2488 ergo
938 2389 997 2463 Dii
1021 2396 1145 2487 multi,
1170 2390 1228 2465 se'd

116 2464 121 2585 'r
164 2493 274 2567 nubta
289 2510 383 2565 unus
400 2492 500 2563 Deus
517 2490 568 2563 est
578 2513 734 2583 nempe
751 2493 810 2562 rlie
827 2490 954 2576 Pater
980 2490 1134 2566 &muita
1150 2492 1229 2564 Do

165 2592 252 2667 mini
279 2591 377 2683 sunt,
402 2589 462 2663 sed
485 2545 592 2664 nobis
613 2598 704 2663 unus
730 2591 908 2665 Dominus
930 2588 980 2661 est
1004 2589 1102 2684 Jesus
1126 2592 1229 2665 Chri-

165 2691 256 2773 stus:
282 2691 329 2765 bc
346 2694 447 2765 multi
473 2692 579 2761 etiam
599 2689 677 2763 sunt
700 2702 801 2784 uapor
818 2689 923 2785 (hoc
938 2688 989 2763 est
1010 2689 1227 2785 rationes),
1328 2700 1332 2727 ·

165 2789 224 2865 sed
247 2791 353 2865 nobis
374 2790 472 2863 illum
487 2800 591 2883 >sapor
616 2787 681 2906 (³5¹
700 2788 751 2862 est
768 2791 946 2862 rationem
966 2788 1088 2882 illam)
1107 2811 1228 2887 preca-

164 2908 242 2965 mur
259 2887 382 2975 inerte,
399 2910 478 2981 quan
492 2889 569 2962 est
560 2910 596 2961 rn
610 2890 805 2983 principio,
824 2910 900 2979 quae
917 2886 968 2959 'est
983 2890 1075 2981 apud
1090 2880 1225 2979 Deum,

165 2987 277 3063 Deus
283 3002 396 3082 λογος.
449 2990 522 3086 Qui
544 2991 639 3067 enim
656 3010 732 3062 non
752 2989 847 3082 capit
862 3000 967 3082 λογον
982 2990 1078 3061 hunc
1098 2990 1156 3082 (id
1174 2987 1226 3060 est

165 3091 384 3177 rationem),
411 3109 487 3181 quae
504 3089 731 3184 inprincipio
751 3087 846 3181 apud
863 3087 981 3161 Deum
996 3086 1069 3182 est,
1097 3104 1159 3160 aut
1174 3090 1224 3179 ip·
1243 3096 1245 3101 '

116 3256 120 3285 ;
164 3186 235 3261 sum
254 3187 474 3279 assequetur,
502 3201 675 3278 quatenus
697 3207 782 3260 caro
805 3184 917 3260 faetus
940 3186 1023 3278 est,
1039 3200 1100 3261 aut
1119 3189 1227 3280 parti·

166 3306 249 3382 ceps
267 3286 441 3361 efficietur
458 3288 604 3377 aiicujus
622 3306 763 3377 eorum,
790 3288 849 3378 qui
863 3298 969 3382 λογον
985 3288 1082 3360 hunc
1097 3288 1158 3375 (id
1175 3285 1226 3359 est

165 3390 343 3463 tationem
360 3386 518 3479 ipsam),
545 3385 789 3477 aiiequuntur:
815 3389 838 3461 fi
865 3408 1054 3461 vero-nec
1076 3388 1226 3477 aiicujus

116 3510 120 3569 f
166 3486 308 3577 quidem
323 3488 464 3574 horum,
482 3486 540 3576 qui
555 3484 660 3582 hujus
679 3486 826 3558 rationis
844 3488 1034 3580 participes
1054 3483 1225 3579 existunt,

161 3588 343 3679 particeps
367 3584 457 3657 effici
480 3587 639 3678 poterit,
670 3588 708 3657 in
730 3606 881 3658 numero
912 3588 1063 3659 omniuo
1084 3600 1225 3660 'eorum

166 3689 255 3778 erit,
282 3685 377 3776 quia
396 3686 536 3759 ratione
553 3686 656 3759 alieni
673 3686 852 3760 dicuntur.
904 3685 944 3758 id
963 3699 1101 3775 autern,
1126 3685 1226 3777 quod

167 3786 341 3875 diximus,
367 3786 481 3875 palam
504 3782 676 3857 efficietur
699 3806 744 3857 ex
767 3786 943 3876 exemplis
966 3786 1010 3859 de
1031 3785 1115 3857 Deo
1143 3787 1225 3898 illo,
1302 3782 1323 3840 -”

168 3886 223 3974 qui
242 3880 428 3978 profertur
450 3904 529 3958 curn
547 3885 715 3973 articulo,
737 3885 769 3957 u
787 3883 832 3958 de
851 3885 913 3959 illo
928 3895 1026 3979 λογῳ
1044 3904 1124 3957 cum
1144 3885 1226 3957 arti·

168 3986 275 4081 culo,
302 4002 369 4077 qur
356 3982 433 4057 est
447 3982 824 4083 Deusiineartieulo,
849 3988 1047 4061 tumetium
1070 3983 1229 4076 deDiis,
1332 4010 1336 4023 ¹

685 4083 752 4180 14
1129 4082 1319 4173 uus„

1093 4198 1115 4239 t,
